<?xml version="1.0" encoding="UTF-8"?>
<!DOCTYPE html PUBLIC "-//W3C//DTD XHTML 1.0 Transitional//EN"
    "http://www.w3.org/TR/xhtml1/DTD/xhtml1-transitional.dtd">
<html xmlns="http://www.w3.org/1999/xhtml" xml:lang="en" lang="en">
 <head>
  <title>
</title>
<meta http-equiv="Content-Type" content="text/html;charset=utf-8" />
  <meta name='ocr-system' content='tesseract 3.04.00' />
  <meta name='ocr-capabilities' content='ocr_page ocr_carea ocr_par ocr_line ocrx_word'/>
</head>
<body>
  <div class='ocr_page' id='page_1' title='image "./djuniijuvenalis05persgoog_0090.png"; bbox 0 0 2884 4917; ppageno 0'>
   <div class='ocr_carea' id='block_1_1' title="bbox 572 411 1214 478">
    <p class='ocr_par' dir='ltr' id='par_1_1' title="bbox 572 411 1214 478">
     <span class='ocr_line' id='line_1_1' title="bbox 572 411 1214 478; baseline -0.005 0"><span class='ocrx_word' id='word_1_1' title='bbox 572 428 710 478; x_wconf 71' lang='lat' dir='ltr'><strong>sirini</strong></span> <span class='ocrx_word' id='word_1_2' title='bbox 733 430 768 474; x_wconf 89' lang='lat' dir='ltr'><strong>v.</strong></span> <span class='ocrx_word' id='word_1_3' title='bbox 1170 411 1214 475; x_wconf 81' lang='lat'><strong>83</strong></span> 
     </span>
    </p>
   </div>
   <div class='ocr_carea' id='block_1_2' title="bbox 125 569 1211 998">
    <p class='ocr_par' dir='ltr' id='par_1_2' title="bbox 125 569 1211 998">
     <span class='ocr_line' id='line_1_2' title="bbox 168 569 1023 656; baseline 0 -19"><span class='ocrx_word' id='word_1_4' title='bbox 168 571 279 656; x_wconf 74' lang='lat' dir='ltr'><strong>utque</strong></span> <span class='ocrx_word' id='word_1_5' title='bbox 292 570 414 638; x_wconf 85' lang='lat' dir='ltr'><strong>utinam</strong></span> <span class='ocrx_word' id='word_1_6' title='bbox 425 569 480 634; x_wconf 85' lang='lat' dir='ltr'><strong>bis</strong></span> <span class='ocrx_word' id='word_1_7' title='bbox 492 570 606 653; x_wconf 87' lang='lat' dir='ltr'><strong>potius</strong></span> <span class='ocrx_word' id='word_1_8' title='bbox 618 573 713 654; x_wconf 77' lang='lat' dir='ltr'><strong>nugis</strong></span> <span class='ocrx_word' id='word_1_9' title='bbox 726 577 797 637; x_wconf 87' lang='lat' dir='ltr'><strong>tota</strong></span> <span class='ocrx_word' id='word_1_10' title='bbox 810 571 865 636; x_wconf 92' lang='lat' dir='ltr'><strong>ille</strong></span> <span class='ocrx_word' id='word_1_11' title='bbox 878 571 1023 637; x_wconf 80' lang='lat' dir='ltr'>dedisset</span> 
     </span>
     <span class='ocr_line' id='line_1_3' title="bbox 125 656 1211 741; baseline 0.001 -21"><span class='ocrx_word' id='word_1_12' title='bbox 125 656 285 741; x_wconf 85' lang='lat' dir='ltr'><strong>Tempora</strong></span> <span class='ocrx_word' id='word_1_13' title='bbox 298 657 446 733; x_wconf 82' lang='lat' dir='ltr'><strong>aaeviliae,</strong></span> <span class='ocrx_word' id='word_1_14' title='bbox 462 656 573 720; x_wconf 82' lang='lat' dir='ltr'><strong>claras</strong></span> <span class='ocrx_word' id='word_1_15' title='bbox 586 656 707 739; x_wconf 89' lang='lat' dir='ltr'><strong>quibus</strong></span> <span class='ocrx_word' id='word_1_16' title='bbox 721 658 857 721; x_wconf 84' lang='lat' dir='ltr'><strong>abstulit</strong></span> <span class='ocrx_word' id='word_1_17' title='bbox 871 656 965 734; x_wconf 88' lang='lat' dir='ltr'><strong>Urbi,</strong></span> <span class='ocrx_word' id='word_1_18' title='bbox 1146 657 1211 721; x_wconf 75' lang='lat'><strong>150</strong></span> 
     </span>
     <span class='ocr_line' id='line_1_4' title="bbox 128 741 945 826; baseline 0 -20"><span class='ocrx_word' id='word_1_19' title='bbox 128 741 338 826; x_wconf 85' lang='lat' dir='ltr'><strong>Illustresqoo</strong></span> <span class='ocrx_word' id='word_1_20' title='bbox 350 744 477 807; x_wconf 84' lang='lat' dir='ltr'><strong>animas</strong></span> <span class='ocrx_word' id='word_1_21' title='bbox 490 744 635 825; x_wconf 86' lang='lat' dir='ltr'><strong>impune,</strong></span> <span class='ocrx_word' id='word_1_22' title='bbox 648 749 681 807; x_wconf 92' lang='lat' dir='ltr'><strong>et</strong></span> <span class='ocrx_word' id='word_1_23' title='bbox 694 742 824 806; x_wconf 87' lang='lat' dir='ltr'><strong>vindice</strong></span> <span class='ocrx_word' id='word_1_24' title='bbox 837 742 945 806; x_wconf 88' lang='lat' dir='ltr'><strong>nullo!</strong></span> 
     </span>
     <span class='ocr_line' id='line_1_5' title="bbox 126 826 1055 912; baseline -0.001 -20"><span class='ocrx_word' id='word_1_25' title='bbox 126 826 190 892; x_wconf 86' lang='lat' dir='ltr'><strong>Sed</strong></span> <span class='ocrx_word' id='word_1_26' title='bbox 202 829 310 911; x_wconf 89' lang='lat' dir='ltr'><strong>periit,</strong></span> <span class='ocrx_word' id='word_1_27' title='bbox 325 834 502 912; x_wconf 82' lang='lat' dir='ltr'><strong>postquam</strong></span> <span class='ocrx_word' id='word_1_28' title='bbox 517 826 714 892; x_wconf 83' lang='lat' dir='ltr'><strong>cerdonibus</strong></span> <span class='ocrx_word' id='word_1_29' title='bbox 726 847 798 892; x_wconf 87' lang='lat' dir='ltr'><strong>esse</strong></span> <span class='ocrx_word' id='word_1_30' title='bbox 813 828 974 892; x_wconf 88' lang='lat' dir='ltr'><strong>timendus</strong></span> <span class='ocrx_word' id='word_1_31' title='bbox 1050 833 1055 852; x_wconf 71' lang='grc'><em>“</em></span> 
     </span>
     <span class='ocr_line' id='line_1_6' title="bbox 125 911 1014 998; baseline -0.002 -19"><span class='ocrx_word' id='word_1_32' title='bbox 125 911 288 998; x_wconf 81' lang='lat' dir='ltr'><strong>Goeperat.</strong></span> <span class='ocrx_word' id='word_1_33' title='bbox 334 913 413 977; x_wconf 85' lang='lat' dir='ltr'><strong>Hoc</strong></span> <span class='ocrx_word' id='word_1_34' title='bbox 427 914 538 977; x_wconf 84' lang='lat' dir='ltr'>nocuit</span> <span class='ocrx_word' id='word_1_35' title='bbox 551 912 742 978; x_wconf 80' lang='lat' dir='ltr'><strong>Lamiarum</strong></span> <span class='ocrx_word' id='word_1_36' title='bbox 757 913 849 978; x_wconf 85' lang='lat' dir='ltr'><strong>caede</strong></span> <span class='ocrx_word' id='word_1_37' title='bbox 862 913 1014 977; x_wconf 86' lang='lat' dir='ltr'><strong>madenti.</strong></span> 
     </span>
    </p>
   </div>
   <div class='ocr_carea' id='block_1_3' title="bbox 110 1059 1259 2663">
    <p class='ocr_par' dir='ltr' id='par_1_3' title="bbox 118 1059 1222 1193">
     <span class='ocr_line' id='line_1_7' title="bbox 120 1059 1222 1114; baseline 0.002 -2"><span class='ocrx_word' id='word_1_38' title='bbox 120 1061 268 1112; x_wconf 79' lang='lat' dir='ltr'><strong>Herodotus</strong></span> <span class='ocrx_word' id='word_1_39' title='bbox 288 1062 404 1111; x_wconf 78' lang='lat' dir='ltr'><strong>meminit</strong></span> <span class='ocrx_word' id='word_1_40' title='bbox 430 1063 447 1111; x_wconf 90' lang='lat' dir='ltr'><strong>l.</strong></span> <span class='ocrx_word' id='word_1_41' title='bbox 463 1076 524 1112; x_wconf 75' lang='lat' dir='ltr'><strong>vnn</strong></span> <span class='ocrx_word' id='word_1_42' title='bbox 542 1077 568 1112; x_wconf 88' lang='lat' dir='ltr'><strong>u.</strong></span> <span class='ocrx_word' id='word_1_43' title='bbox 588 1067 645 1114; x_wconf 82' lang='lat' dir='ltr'><strong>siu.</strong></span> <span class='ocrx_word' id='word_1_44' title='bbox 685 1064 800 1114; x_wconf 85' lang='lat' dir='ltr'><strong>deretur.</strong></span> <span class='ocrx_word' id='word_1_45' title='bbox 850 1062 917 1111; x_wconf 87' lang='lat' dir='ltr'>Vide</span> <span class='ocrx_word' id='word_1_46' title='bbox 940 1063 1047 1113; x_wconf 86' lang='lat' dir='ltr'><strong>Suetou.</strong></span> <span class='ocrx_word' id='word_1_47' title='bbox 1070 1059 1222 1114; x_wconf 81' lang='lat' dir='ltr'><strong>Domitiam&#39;</strong></span> 
     </span>
     <span class='ocr_line' id='line_1_8' title="bbox 118 1126 903 1193; baseline 0 -18"><span class='ocrx_word' id='word_1_48' title='bbox 118 1141 164 1191; x_wconf 84' lang='lat' dir='ltr'><strong>per</strong></span> <span class='ocrx_word' id='word_1_49' title='bbox 181 1127 297 1176; x_wconf 83' lang='lat' dir='ltr'><strong>srlenlas</strong></span> <span class='ocrx_word' id='word_1_50' title='bbox 319 1134 412 1187; x_wconf 86' lang='lat' dir='ltr'><strong>autem,</strong></span> <span class='ocrx_word' id='word_1_51' title='bbox 432 1126 541 1189; x_wconf 84' lang='lat' dir='ltr'><strong>pedibus</strong></span> <span class='ocrx_word' id='word_1_52' title='bbox 559 1142 646 1179; x_wconf 86' lang='lat' dir='ltr'><strong>earum</strong></span> <span class='ocrx_word' id='word_1_53' title='bbox 685 1144 761 1193; x_wconf 88' lang='lat' dir='ltr'><strong>capp.</strong></span> <span class='ocrx_word' id='word_1_54' title='bbox 774 1131 813 1176; x_wconf 82' lang='lat' dir='ltr'><strong>ll.</strong></span> <span class='ocrx_word' id='word_1_55' title='bbox 825 1133 851 1177; x_wconf 92' lang='lat' dir='ltr'><strong>et</strong></span> <span class='ocrx_word' id='word_1_56' title='bbox 863 1132 903 1176; x_wconf 81' lang='grc'><strong>17,</strong></span> 
     </span>
    </p>

    <p class='ocr_par' dir='ltr' id='par_1_4' title="bbox 115 1191 1213 1578">
     <span class='ocr_line' id='line_1_9' title="bbox 117 1191 1213 1256; baseline -0.001 -14"><span class='ocrx_word' id='word_1_57' title='bbox 117 1191 217 1242; x_wconf 79' lang='lat' dir='ltr'><strong>seilicet</strong></span> <span class='ocrx_word' id='word_1_58' title='bbox 233 1191 357 1253; x_wconf 71' lang='lat' dir='ltr'><strong>alligata,</strong></span> <span class='ocrx_word' id='word_1_59' title='bbox 366 1192 390 1240; x_wconf 88' lang='lat' dir='ltr'><strong>in</strong></span> <span class='ocrx_word' id='word_1_60' title='bbox 402 1191 533 1240; x_wconf 86' lang='lat' dir='ltr'><strong>obsidione</strong></span> <span class='ocrx_word' id='word_1_61' title='bbox 544 1191 646 1256; x_wconf 83' lang='lat' dir='ltr'><strong>quidem</strong></span> <span class='ocrx_word' id='word_1_62' title='bbox 719 1191 873 1255; x_wconf 68' lang='lat' dir='ltr'><strong>caunum]</strong></span> <span class='ocrx_word' id='word_1_63' title='bbox 905 1191 1083 1253; x_wconf 75' lang='lat' dir='ltr'>synecdoche,</span> <span class='ocrx_word' id='word_1_64' title='bbox 1098 1205 1144 1254; x_wconf 87' lang='lat' dir='ltr'><strong>pro</strong></span> <span class='ocrx_word' id='word_1_65' title='bbox 1155 1192 1213 1241; x_wconf 75' lang='lat' dir='ltr'><strong>Ple·</strong></span> 
     </span>
     <span class='ocr_line' id='line_1_10' title="bbox 117 1255 1195 1319; baseline -0.001 -14"><span class='ocrx_word' id='word_1_66' title='bbox 117 1256 272 1317; x_wconf 75' lang='lat' dir='ltr'><strong>Mutinensi,</strong></span> <span class='ocrx_word' id='word_1_67' title='bbox 282 1255 383 1306; x_wconf 75' lang='lat' dir='ltr'><strong>Plinius</strong></span> <span class='ocrx_word' id='word_1_68' title='bbox 396 1268 424 1305; x_wconf 88' lang='lat' dir='ltr'><strong>x.</strong></span> <span class='ocrx_word' id='word_1_69' title='bbox 435 1260 476 1305; x_wconf 73' lang='grc'><strong>37.</strong></span> <span class='ocrx_word' id='word_1_70' title='bbox 493 1255 645 1306; x_wconf 84' lang='lat' dir='ltr'><strong>deTiurrun-</strong></span> <span class='ocrx_word' id='word_1_71' title='bbox 686 1258 752 1308; x_wconf 73' lang='lat' dir='ltr'><strong>belis</strong></span> <span class='ocrx_word' id='word_1_72' title='bbox 785 1257 852 1306; x_wconf 84' lang='lat' dir='ltr'><strong>Vide</strong></span> <span class='ocrx_word' id='word_1_73' title='bbox 864 1257 937 1305; x_wconf 86' lang='lat' dir='ltr'><strong>Pers.</strong></span> <span class='ocrx_word' id='word_1_74' title='bbox 948 1257 1002 1305; x_wconf 86' lang='lat' dir='ltr'><strong>Snt.</strong></span> <span class='ocrx_word' id='word_1_75' title='bbox 1012 1260 1037 1305; x_wconf 79' lang='lat' dir='ltr'><strong>l.</strong></span> <span class='ocrx_word' id='word_1_76' title='bbox 1050 1271 1086 1306; x_wconf 83' lang='lat' dir='ltr'><strong>vs.</strong></span> <span class='ocrx_word' id='word_1_77' title='bbox 1097 1257 1195 1319; x_wconf 86' lang='lat' dir='ltr'><strong>penult.</strong></span> 
     </span>
     <span class='ocr_line' id='line_1_11' title="bbox 117 1320 1211 1384; baseline 0 -15"><span class='ocrx_word' id='word_1_78' title='bbox 117 1321 181 1369; x_wconf 85' lang='lat' dir='ltr'><strong>enlo.</strong></span> <span class='ocrx_word' id='word_1_79' title='bbox 215 1321 283 1369; x_wconf 87' lang='lat' dir='ltr'><strong>Sunt</strong></span> <span class='ocrx_word' id='word_1_80' title='bbox 293 1320 336 1384; x_wconf 86' lang='lat' dir='ltr'><strong>qui</strong></span> <span class='ocrx_word' id='word_1_81' title='bbox 355 1320 499 1369; x_wconf 85' lang='lat' dir='ltr'><strong>veredarios</strong></span> <span class='ocrx_word' id='word_1_82' title='bbox 515 1329 646 1370; x_wconf 71' lang='lat' dir='ltr'><strong>accersant</strong></span> <span class='ocrx_word' id='word_1_83' title='bbox 750 1322 803 1372; x_wconf 82' lang='lat' dir='ltr'><strong>Hoc</strong></span> <span class='ocrx_word' id='word_1_84' title='bbox 823 1320 915 1382; x_wconf 77' lang='lat' dir='ltr'><strong>nocuit]</strong></span> <span class='ocrx_word' id='word_1_85' title='bbox 947 1320 1096 1370; x_wconf 83' lang='lat' dir='ltr'><strong>Sarrasrous</strong></span> <span class='ocrx_word' id='word_1_86' title='bbox 1116 1321 1141 1368; x_wconf 91' lang='lat' dir='ltr'><strong>in</strong></span> <span class='ocrx_word' id='word_1_87' title='bbox 1162 1320 1211 1369; x_wconf 82' lang='lat' dir='ltr'><strong>Ps-</strong></span> 
     </span>
     <span class='ocr_line' id='line_1_12' title="bbox 115 1384 1212 1496; baseline -0.001 -62"><span class='ocrx_word' id='word_1_88' title='bbox 115 1384 235 1449; x_wconf 80' lang='lat' dir='ltr'><strong>adbujus</strong></span> <span class='ocrx_word' id='word_1_89' title='bbox 244 1384 295 1433; x_wconf 88' lang='lat' dir='ltr'><strong>lori</strong></span> <span class='ocrx_word' id='word_1_90' title='bbox 304 1384 510 1496; x_wconf 75' lang='lat' dir='ltr'><strong>explicationem.</strong></span> <span class='ocrx_word' id='word_1_91' title='bbox 542 1384 647 1435; x_wconf 73' lang='lat' dir='ltr'><strong>sedne·</strong></span> <span class='ocrx_word' id='word_1_92' title='bbox 686 1386 775 1437; x_wconf 86' lang='lat' dir='ltr'><strong>tricios</strong></span> <span class='ocrx_word' id='word_1_93' title='bbox 798 1400 828 1435; x_wconf 87' lang='lat' dir='ltr'><strong>ae</strong></span> <span class='ocrx_word' id='word_1_94' title='bbox 848 1385 971 1436; x_wconf 82' lang='lat' dir='ltr'><strong>Nobiles:</strong></span> <span class='ocrx_word' id='word_1_95' title='bbox 1000 1385 1072 1449; x_wconf 89' lang='lat' dir='ltr'><strong>qnasi</strong></span> <span class='ocrx_word' id='word_1_96' title='bbox 1094 1384 1212 1434; x_wconf 80' lang='lat' dir='ltr'><strong>diceret:</strong></span> 
     </span>
     <span class='ocr_line' id='line_1_13' title="bbox 116 1448 1213 1514; baseline -0.001 -16"><span class='ocrx_word' id='word_1_97' title='bbox 116 1463 166 1513; x_wconf 84' lang='lat' dir='ltr'><strong>qne</strong></span> <span class='ocrx_word' id='word_1_98' title='bbox 185 1452 253 1510; x_wconf 71' lang='lat' dir='ltr'><strong>boo,</strong></span> <span class='ocrx_word' id='word_1_99' title='bbox 270 1462 319 1498; x_wconf 87' lang='lat' dir='ltr'><strong>nec</strong></span> <span class='ocrx_word' id='word_1_100' title='bbox 346 1448 389 1512; x_wconf 79' lang='lat' dir='ltr'><strong>lla,</strong></span> <span class='ocrx_word' id='word_1_101' title='bbox 404 1450 448 1499; x_wconf 90' lang='lat' dir='ltr'><strong>sed</strong></span> <span class='ocrx_word' id='word_1_102' title='bbox 463 1449 545 1513; x_wconf 87' lang='lat' dir='ltr'><strong>prima</strong></span> <span class='ocrx_word' id='word_1_103' title='bbox 566 1450 645 1500; x_wconf 84' lang='lat' dir='ltr'><strong>inter·</strong></span> <span class='ocrx_word' id='word_1_104' title='bbox 685 1450 885 1501; x_wconf 80' lang='lat' dir='ltr'><strong>Adbncviveret</strong></span> <span class='ocrx_word' id='word_1_105' title='bbox 901 1450 945 1498; x_wconf 92' lang='lat' dir='ltr'><strong>ille</strong></span> <span class='ocrx_word' id='word_1_106' title='bbox 959 1463 1067 1514; x_wconf 82' lang='lat' dir='ltr'><strong>nequam</strong></span> <span class='ocrx_word' id='word_1_107' title='bbox 1078 1449 1213 1512; x_wconf 77' lang='lat' dir='ltr'><strong>Tyrannus</strong></span> 
     </span>
     <span class='ocr_line' id='line_1_14' title="bbox 117 1513 1212 1578; baseline 0.001 -16"><span class='ocrx_word' id='word_1_108' title='bbox 117 1514 231 1577; x_wconf 69' lang='lat' dir='ltr'><strong>protetio</strong></span> <span class='ocrx_word' id='word_1_109' title='bbox 242 1513 329 1561; x_wconf 78' lang='lat' dir='ltr'><strong>valeat</strong></span> <span class='ocrx_word' id='word_1_110' title='bbox 339 1527 370 1562; x_wconf 85' lang='lat' dir='ltr'><strong>ae</strong></span> <span class='ocrx_word' id='word_1_111' title='bbox 380 1514 476 1577; x_wconf 74' lang='lat' dir='ltr'><strong>rigeat.</strong></span> <span class='ocrx_word' id='word_1_112' title='bbox 686 1523 713 1565; x_wconf 88' lang='lat' dir='ltr'><strong>et</strong></span> <span class='ocrx_word' id='word_1_113' title='bbox 725 1516 750 1565; x_wconf 91' lang='lat' dir='ltr'><strong>iu</strong></span> <span class='ocrx_word' id='word_1_114' title='bbox 767 1516 889 1578; x_wconf 83' lang='lat' dir='ltr'><strong>reliquam</strong></span> <span class='ocrx_word' id='word_1_115' title='bbox 905 1513 1073 1563; x_wconf 80' lang='lat' dir='ltr'><strong>Nobilitatem</strong></span> <span class='ocrx_word' id='word_1_116' title='bbox 1084 1527 1212 1576; x_wconf 76' lang='lat' dir='ltr'><strong>grassere·</strong></span> 
     </span>
    </p>

    <p class='ocr_par' dir='ltr' id='par_1_5' title="bbox 114 1576 1212 1708">
     <span class='ocr_line' id='line_1_15' title="bbox 178 1576 1211 1642; baseline -0.002 -14"><span class='ocrx_word' id='word_1_117' title='bbox 178 1578 230 1628; x_wconf 82' lang='lat' dir='ltr'><strong>Hir</strong></span> <span class='ocrx_word' id='word_1_118' title='bbox 239 1576 322 1639; x_wconf 71' lang='lat' dir='ltr'><strong>ugo]</strong></span> <span class='ocrx_word' id='word_1_119' title='bbox 355 1578 439 1629; x_wconf 84' lang='lat' dir='ltr'><strong>Quale</strong></span> <span class='ocrx_word' id='word_1_120' title='bbox 460 1585 510 1641; x_wconf 84' lang='lat' dir='ltr'><strong>est,</strong></span> <span class='ocrx_word' id='word_1_121' title='bbox 526 1578 646 1629; x_wconf 81' lang='lat' dir='ltr'><strong>babuisse</strong></span> <span class='ocrx_word' id='word_1_122' title='bbox 684 1580 766 1642; x_wconf 89' lang='lat' dir='ltr'><strong>tur,si</strong></span> <span class='ocrx_word' id='word_1_123' title='bbox 783 1576 1098 1628; x_wconf 83' lang='lat' dir='ltr'><strong>Plebeiisforuridolosnm</strong></span> <span class='ocrx_word' id='word_1_124' title='bbox 1116 1592 1143 1626; x_wconf 89' lang='lat' dir='ltr'><strong>se</strong></span> <span class='ocrx_word' id='word_1_125' title='bbox 1161 1592 1211 1628; x_wconf 86' lang='lat' dir='ltr'><strong>nou</strong></span> 
     </span>
     <span class='ocr_line' id='line_1_16' title="bbox 114 1641 1212 1708; baseline 0 -17"><span class='ocrx_word' id='word_1_126' title='bbox 114 1642 255 1692; x_wconf 72' lang='lat' dir='ltr'><strong>concilium</strong></span> <span class='ocrx_word' id='word_1_127' title='bbox 279 1641 442 1705; x_wconf 82' lang='lat' dir='ltr'><strong>optimatum</strong></span> <span class='ocrx_word' id='word_1_128' title='bbox 461 1642 493 1691; x_wconf 86' lang='lat' dir='ltr'><strong>de</strong></span> <span class='ocrx_word' id='word_1_129' title='bbox 514 1643 646 1708; x_wconf 83' lang='lat' dir='ltr'><strong>coquendo</strong></span> <span class='ocrx_word' id='word_1_130' title='bbox 684 1643 835 1706; x_wconf 84' lang='lat' dir='ltr'><strong>prreboisset</strong></span> <span class='ocrx_word' id='word_1_131' title='bbox 864 1658 894 1692; x_wconf 86' lang='lat' dir='ltr'><strong>ao</strong></span> <span class='ocrx_word' id='word_1_132' title='bbox 917 1643 1064 1705; x_wconf 82' lang='lat' dir='ltr'><strong>terribilem,</strong></span> <span class='ocrx_word' id='word_1_133' title='bbox 1085 1642 1151 1706; x_wconf 88' lang='lat' dir='ltr'><strong>quod</strong></span> <span class='ocrx_word' id='word_1_134' title='bbox 1174 1643 1212 1692; x_wconf 84' lang='lat' dir='ltr'><strong>ait</strong></span> 
     </span>
    </p>

    <p class='ocr_par' dir='ltr' id='par_1_6' title="bbox 172 1708 986 1757">
     <span class='ocr_line' id='line_1_17' title="bbox 172 1708 986 1757; baseline 0.001 -1"><span class='ocrx_word' id='word_1_135' title='bbox 172 1721 197 1756; x_wconf 83' lang='lat' dir='ltr'><strong>e.</strong></span> <span class='ocrx_word' id='word_1_136' title='bbox 453 1743 458 1752; x_wconf 78' lang='grc'><strong>.</strong></span> <span class='ocrx_word' id='word_1_137' title='bbox 684 1709 789 1757; x_wconf 86' lang='lat' dir='ltr'><strong>Snetou.</strong></span> <span class='ocrx_word' id='word_1_138' title='bbox 801 1708 899 1757; x_wconf 89' lang='lat' dir='ltr'><strong>Domit.</strong></span> <span class='ocrx_word' id='word_1_139' title='bbox 911 1722 934 1756; x_wconf 84' lang='lat' dir='ltr'><strong>e.</strong></span> <span class='ocrx_word' id='word_1_140' title='bbox 947 1711 986 1757; x_wconf 80' lang='grc'><strong>14.</strong></span> 
     </span>
    </p>

    <p class='ocr_par' dir='ltr' id='par_1_7' title="bbox 113 1770 1212 2028">
     <span class='ocr_line' id='line_1_18' title="bbox 181 1770 1210 1838; baseline 0.002 -19"><span class='ocrx_word' id='word_1_141' title='bbox 181 1770 268 1819; x_wconf 80' lang='lat' dir='ltr'><strong>Clam</strong></span> <span class='ocrx_word' id='word_1_142' title='bbox 291 1770 438 1838; x_wconf 65' lang='lat' dir='ltr'><strong>sllsdrrsqss</strong></span> <span class='ocrx_word' id='word_1_143' title='bbox 459 1770 568 1834; x_wconf 72' lang='lat' dir='ltr'><strong>misas]</strong></span> <span class='ocrx_word' id='word_1_144' title='bbox 602 1772 646 1821; x_wconf 89' lang='lat' dir='ltr'><strong>In·</strong></span> <span class='ocrx_word' id='word_1_145' title='bbox 716 1771 863 1835; x_wconf 62' lang='lat' dir='ltr'><strong>marera]</strong></span> <span class='ocrx_word' id='word_1_146' title='bbox 896 1772 995 1821; x_wconf 83' lang='lat' dir='ltr'><strong>Horum</strong></span> <span class='ocrx_word' id='word_1_147' title='bbox 1010 1771 1105 1820; x_wconf 80' lang='lat' dir='ltr'><strong>familia</strong></span> <span class='ocrx_word' id='word_1_148' title='bbox 1121 1772 1210 1821; x_wconf 74' lang='lat' dir='ltr'><strong>Rome</strong></span> 
     </span>
     <span class='ocr_line' id='line_1_19' title="bbox 116 1833 1211 1901; baseline 0.002 -19"><span class='ocrx_word' id='word_1_149' title='bbox 116 1833 206 1897; x_wconf 73' lang='lat' dir='ltr'><strong>signes</strong></span> <span class='ocrx_word' id='word_1_150' title='bbox 218 1835 315 1885; x_wconf 81' lang='lat' dir='ltr'><strong>virtute</strong></span> <span class='ocrx_word' id='word_1_151' title='bbox 330 1836 407 1898; x_wconf 81' lang='lat' dir='ltr'><strong>juxta</strong></span> <span class='ocrx_word' id='word_1_152' title='bbox 424 1851 454 1886; x_wconf 84' lang='lat' dir='ltr'><strong>sc</strong></span> <span class='ocrx_word' id='word_1_153' title='bbox 472 1837 597 1886; x_wconf 78' lang='lat' dir='ltr'><strong>mtalibos</strong></span> <span class='ocrx_word' id='word_1_154' title='bbox 608 1837 644 1885; x_wconf 84' lang='lat' dir='ltr'><strong>vi·</strong></span> <span class='ocrx_word' id='word_1_155' title='bbox 684 1836 839 1901; x_wconf 70' lang='lat' dir='ltr'><strong>perillustris</strong></span> <span class='ocrx_word' id='word_1_156' title='bbox 860 1844 926 1900; x_wconf 72' lang='lat' dir='ltr'><strong>mat,</strong></span> <span class='ocrx_word' id='word_1_157' title='bbox 945 1837 1041 1901; x_wconf 88' lang='lat' dir='ltr'><strong>quippe</strong></span> <span class='ocrx_word' id='word_1_158' title='bbox 1060 1851 1117 1900; x_wconf 74' lang='lat' dir='ltr'><strong>quie</strong></span> <span class='ocrx_word' id='word_1_159' title='bbox 1136 1837 1211 1900; x_wconf 77' lang='lat' dir='ltr'><strong>origi·</strong></span> 
     </span>
     <span class='ocr_line' id='line_1_20' title="bbox 114 1901 1212 1966; baseline 0.002 -20"><span class='ocrx_word' id='word_1_160' title='bbox 114 1911 169 1959; x_wconf 90' lang='lat' dir='ltr'><strong>ros,</strong></span> <span class='ocrx_word' id='word_1_161' title='bbox 191 1905 311 1963; x_wconf 80' lang='lat' dir='ltr'><strong>utsupra</strong></span> <span class='ocrx_word' id='word_1_162' title='bbox 329 1902 478 1965; x_wconf 80' lang='lat' dir='ltr'><strong>notavimus,</strong></span> <span class='ocrx_word' id='word_1_163' title='bbox 496 1901 645 1956; x_wconf 82' lang='lat' dir='ltr'><strong>exSneton.</strong></span> <span class='ocrx_word' id='word_1_164' title='bbox 683 1916 744 1952; x_wconf 90' lang='lat' dir='ltr'><strong>nem</strong></span> <span class='ocrx_word' id='word_1_165' title='bbox 760 1902 866 1952; x_wconf 86' lang='lat' dir='ltr'><strong>duceret</strong></span> <span class='ocrx_word' id='word_1_166' title='bbox 894 1916 909 1949; x_wconf 89' lang='lat' dir='ltr'><strong>a</strong></span> <span class='ocrx_word' id='word_1_167' title='bbox 930 1903 1003 1966; x_wconf 78' lang='lat' dir='ltr'><strong>Rege</strong></span> <span class='ocrx_word' id='word_1_168' title='bbox 1024 1902 1212 1964; x_wconf 73' lang='lat' dir='ltr'><strong>Laestrigonum</strong></span> 
     </span>
     <span class='ocr_line' id='line_1_21' title="bbox 113 1961 1211 2028; baseline -0.001 -17"><span class='ocrx_word' id='word_1_169' title='bbox 113 1961 303 2028; x_wconf 80' lang='lat' dir='ltr'><strong>Domitespp.</strong></span> <span class='ocrx_word' id='word_1_170' title='bbox 317 1968 355 2013; x_wconf 87' lang='lat' dir='ltr'><strong>lo.</strong></span> <span class='ocrx_word' id='word_1_171' title='bbox 369 1971 458 2016; x_wconf 78' lang='lat'>11.16.</span> <span class='ocrx_word' id='word_1_172' title='bbox 683 1967 770 2028; x_wconf 69' lang='lat' dir='ltr'><strong>huso,</strong></span> <span class='ocrx_word' id='word_1_173' title='bbox 794 1974 862 2017; x_wconf 86' lang='lat' dir='ltr'><strong>teste</strong></span> <span class='ocrx_word' id='word_1_174' title='bbox 878 1968 918 2016; x_wconf 83' lang='lat' dir='ltr'><strong>rel</strong></span> <span class='ocrx_word' id='word_1_175' title='bbox 939 1966 1048 2016; x_wconf 85' lang='lat' dir='ltr'><strong>Horatio</strong></span> <span class='ocrx_word' id='word_1_176' title='bbox 1065 1965 1211 2013; x_wconf 88' lang='lat' dir='ltr'><strong>Carminnm</strong></span> 
     </span>
    </p>

    <p class='ocr_par' dir='ltr' id='par_1_8' title="bbox 111 2027 1213 2216">
     <span class='ocr_line' id='line_1_22' title="bbox 171 2027 1213 2103; baseline -0.002 -26"><span class='ocrx_word' id='word_1_177' title='bbox 171 2027 269 2103; x_wconf 70' lang='lat' dir='ltr'><strong>Inpone</strong></span> <span class='ocrx_word' id='word_1_178' title='bbox 286 2031 411 2081; x_wconf 65' lang='lat' dir='ltr'><strong>domur</strong></span> <span class='ocrx_word' id='word_1_179' title='bbox 430 2030 504 2094; x_wconf 76' lang='lat' dir='ltr'><strong>nullo]</strong></span> <span class='ocrx_word' id='word_1_180' title='bbox 534 2032 644 2082; x_wconf 79' lang='lat' dir='ltr'><strong>Nomine</strong></span> <span class='ocrx_word' id='word_1_181' title='bbox 683 2046 726 2081; x_wconf 86' lang='lat' dir='ltr'><strong>ur.</strong></span> <span class='ocrx_word' id='word_1_182' title='bbox 739 2036 778 2081; x_wconf 81' lang='grc'><strong>17.</strong></span> <span class='ocrx_word' id='word_1_183' title='bbox 794 2031 862 2080; x_wconf 83' lang='lat' dir='ltr'><strong>‘AEli</strong></span> <span class='ocrx_word' id='word_1_184' title='bbox 873 2037 975 2079; x_wconf 82' lang='lat' dir='ltr'><strong>uetusto</strong></span> <span class='ocrx_word' id='word_1_185' title='bbox 994 2028 1096 2077; x_wconf 78' lang='lat' dir='ltr'><strong>Nobilis</strong></span> <span class='ocrx_word' id='word_1_186' title='bbox 1114 2027 1146 2073; x_wconf 90' lang='lat' dir='ltr'><strong>ab</strong></span> <span class='ocrx_word' id='word_1_187' title='bbox 1166 2027 1213 2075; x_wconf 85' lang='lat' dir='ltr'><strong>Ls·</strong></span> 
     </span>
     <span class='ocr_line' id='line_1_23' title="bbox 111 2089 1212 2159; baseline 0.001 -20"><span class='ocrx_word' id='word_1_188' title='bbox 111 2089 287 2142; x_wconf 79' lang='lat' dir='ltr'><strong>Petrierornm</strong></span> <span class='ocrx_word' id='word_1_189' title='bbox 308 2094 335 2142; x_wconf 93' lang='lat' dir='ltr'><strong>id</strong></span> <span class='ocrx_word' id='word_1_190' title='bbox 357 2110 429 2157; x_wconf 82' lang='lat' dir='ltr'><strong>suso,</strong></span> <span class='ocrx_word' id='word_1_191' title='bbox 453 2095 522 2159; x_wconf 89' lang='lat' dir='ltr'><strong>qnod</strong></span> <span class='ocrx_word' id='word_1_192' title='bbox 540 2095 645 2146; x_wconf 80' lang='lat' dir='ltr'><strong>fortiter</strong></span> <span class='ocrx_word' id='word_1_193' title='bbox 684 2110 737 2156; x_wconf 86' lang='lat' dir='ltr'><strong>mo,</strong></span> <span class='ocrx_word' id='word_1_194' title='bbox 749 2096 863 2146; x_wconf 78' lang='lat' dir='ltr'><strong>Quando</strong></span> <span class='ocrx_word' id='word_1_195' title='bbox 875 2101 902 2141; x_wconf 87' lang='lat' dir='ltr'><strong>et</strong></span> <span class='ocrx_word' id='word_1_196' title='bbox 920 2093 1019 2153; x_wconf 81' lang='lat' dir='ltr'><strong>priores</strong></span> <span class='ocrx_word' id='word_1_197' title='bbox 1037 2090 1097 2139; x_wconf 84' lang='lat' dir='ltr'><strong>hinc</strong></span> <span class='ocrx_word' id='word_1_198' title='bbox 1112 2089 1212 2140; x_wconf 73' lang='lat' dir='ltr'><strong>Lamias</strong></span> 
     </span>
     <span class='ocr_line' id='line_1_24' title="bbox 111 2152 1053 2216; baseline 0 -12"><span class='ocrx_word' id='word_1_199' title='bbox 111 2152 211 2205; x_wconf 81' lang='lat' dir='ltr'><strong>deinde</strong></span> <span class='ocrx_word' id='word_1_200' title='bbox 221 2158 324 2206; x_wconf 84' lang='lat' dir='ltr'><strong>Plebeil</strong></span> <span class='ocrx_word' id='word_1_201' title='bbox 333 2156 461 2207; x_wconf 83' lang='lat' dir='ltr'><strong>lecerunt.</strong></span> <span class='ocrx_word' id='word_1_202' title='bbox 683 2154 989 2216; x_wconf 81' lang='lat' dir='ltr'><strong>feruntDenominatos‚&#39;</strong></span> <span class='ocrx_word' id='word_1_203' title='bbox 1005 2158 1053 2204; x_wconf 77' lang='lat' dir='ltr'><strong>&amp;e</strong></span> 
     </span>
    </p>

    <p class='ocr_par' dir='ltr' id='par_1_9' title="bbox 111 2217 1213 2417">
     <span class='ocr_line' id='line_1_25' title="bbox 177 2217 1213 2283; baseline 0.003 -15"><span class='ocrx_word' id='word_1_204' title='bbox 177 2219 226 2268; x_wconf 81' lang='lat' dir='ltr'><strong>Sed</strong></span> <span class='ocrx_word' id='word_1_205' title='bbox 242 2220 328 2283; x_wconf 78' lang='lat' dir='ltr'><strong>periit]</strong></span> <span class='ocrx_word' id='word_1_206' title='bbox 359 2221 474 2268; x_wconf 81' lang='lat' dir='ltr'><strong>Tandem</strong></span> <span class='ocrx_word' id='word_1_207' title='bbox 495 2235 577 2270; x_wconf 70' lang='lat' dir='ltr'><strong>sevus</strong></span> <span class='ocrx_word' id='word_1_208' title='bbox 595 2222 645 2271; x_wconf 89' lang='lat' dir='ltr'><strong>lm·</strong></span> <span class='ocrx_word' id='word_1_209' title='bbox 718 2219 925 2269; x_wconf 61' lang='lat' dir='ltr'><strong>mmmcoedc</strong></span> <span class='ocrx_word' id='word_1_210' title='bbox 934 2217 1047 2282; x_wconf 77' lang='lat' dir='ltr'><strong>modesta]</strong></span> <span class='ocrx_word' id='word_1_211' title='bbox 1064 2220 1213 2271; x_wconf 72' lang='lat' dir='ltr'><strong>Domitiano</strong></span> 
     </span>
     <span class='ocr_line' id='line_1_26' title="bbox 111 2283 1211 2417; baseline 0.005 -24"><span class='ocrx_word' id='word_1_212' title='bbox 111 2283 647 2417; x_wconf 68' lang='lat' dir='ltr'><strong>uruuuurnuuuuu</strong></span> <span class='ocrx_word' id='word_1_213' title='bbox 686 2283 812 2408; x_wconf 71' lang='lat' dir='ltr'><strong>:iun</strong></span> <span class='ocrx_word' id='word_1_214' title='bbox 830 2283 1120 2398; x_wconf 66' lang='lat' dir='ltr'><strong>delituunt</strong></span> <span class='ocrx_word' id='word_1_215' title='bbox 1139 2285 1211 2399; x_wconf 67' lang='lat'><strong>-„¹¹¹</strong></span> 
     </span>
    </p>

    <p class='ocr_par' dir='ltr' id='par_1_10' title="bbox 110 2365 1259 2663">
     <span class='ocr_line' id='line_1_27' title="bbox 509 2377 1211 2404; baseline 0 -17"><span class='ocrx_word' id='word_1_216' title='bbox 509 2378 517 2404; x_wconf 93' lang='lat'>‚</span> <span class='ocrx_word' id='word_1_217' title='bbox 1201 2377 1211 2387; x_wconf 95' lang='lat'><em>.</em></span> 
     </span>
     <span class='ocr_line' id='line_1_28' title="bbox 113 2365 1259 2471; baseline 0.003 -15"><span class='ocrx_word' id='word_1_218' title='bbox 113 2407 225 2471; x_wconf 76' lang='lat' dir='ltr'><strong>ignaros</strong></span> <span class='ocrx_word' id='word_1_219' title='bbox 246 2406 363 2467; x_wconf 85' lang='lat' dir='ltr'><strong>Nobiles,</strong></span> <span class='ocrx_word' id='word_1_220' title='bbox 385 2404 431 2454; x_wconf 85' lang='lat' dir='ltr'><strong>sed</strong></span> <span class='ocrx_word' id='word_1_221' title='bbox 453 2420 501 2469; x_wconf 86' lang='lat' dir='ltr'><strong>per</strong></span> <span class='ocrx_word' id='word_1_222' title='bbox 524 2406 648 2470; x_wconf 75' lang='lat' dir='ltr'><strong>ignobiles</strong></span> <span class='ocrx_word' id='word_1_223' title='bbox 687 2409 753 2457; x_wconf 83' lang='lat' dir='ltr'><strong>lavit</strong></span> <span class='ocrx_word' id='word_1_224' title='bbox 770 2423 800 2457; x_wconf 83' lang='lat' dir='ltr'><strong>ac</strong></span> <span class='ocrx_word' id='word_1_225' title='bbox 817 2412 933 2468; x_wconf 82' lang='lat' dir='ltr'><strong>sustullt;</strong></span> <span class='ocrx_word' id='word_1_226' title='bbox 961 2413 1028 2459; x_wconf 83' lang='lat' dir='ltr'><strong>luter</strong></span> <span class='ocrx_word' id='word_1_227' title='bbox 1047 2414 1107 2460; x_wconf 79' lang='lat' dir='ltr'><strong>elios</strong></span> <span class='ocrx_word' id='word_1_228' title='bbox 1126 2365 1212 2462; x_wconf 48' lang='grc' dir='ltr'><strong>ἕπευ</strong></span> <span class='ocrx_word' id='word_1_229' title='bbox 1254 2451 1259 2460; x_wconf 86' lang='grc'><em>,</em></span> 
     </span>
     <span class='ocr_line' id='line_1_29' title="bbox 112 2469 1213 2535; baseline 0.003 -14"><span class='ocrx_word' id='word_1_230' title='bbox 112 2469 358 2534; x_wconf 81' lang='lat' dir='ltr'><strong>strennos,quisibi</strong></span> <span class='ocrx_word' id='word_1_231' title='bbox 375 2470 467 2520; x_wconf 87' lang='lat' dir='ltr'><strong>timere</strong></span> <span class='ocrx_word' id='word_1_232' title='bbox 482 2469 649 2535; x_wconf 82' lang='lat' dir='ltr'><strong>incipiebant,</strong></span> <span class='ocrx_word' id='word_1_233' title='bbox 687 2471 798 2522; x_wconf 86' lang='lat' dir='ltr'><strong>Nobiles</strong></span> <span class='ocrx_word' id='word_1_234' title='bbox 824 2480 852 2522; x_wconf 89' lang='lat' dir='ltr'><strong>et</strong></span> <span class='ocrx_word' id='word_1_235' title='bbox 860 2473 949 2522; x_wconf 81' lang='lat' dir='ltr'><strong>AElisou</strong></span> <span class='ocrx_word' id='word_1_236' title='bbox 960 2473 1075 2535; x_wconf 66' lang='lat' dir='ltr'><strong>Mulon,</strong></span> <span class='ocrx_word' id='word_1_237' title='bbox 1087 2476 1213 2524; x_wconf 80' lang='lat' dir='ltr'><strong>duntaxat</strong></span> 
     </span>
     <span class='ocr_line' id='line_1_30' title="bbox 110 2509 1213 2609; baseline 0.002 -23"><span class='ocrx_word' id='word_1_238' title='bbox 110 2550 174 2587; x_wconf 81' lang='lat' dir='ltr'><strong>cnm</strong></span> <span class='ocrx_word' id='word_1_239' title='bbox 203 2533 368 2609; x_wconf 67' lang='lat' dir='ltr'><strong>Domitiorum</strong></span> <span class='ocrx_word' id='word_1_240' title='bbox 397 2533 529 2609; x_wconf 79' lang='lat' dir='ltr'><strong>Nobilium</strong></span> <span class='ocrx_word' id='word_1_241' title='bbox 555 2547 646 2584; x_wconf 84' lang='lat' dir='ltr'><strong>eruore</strong></span> <span class='ocrx_word' id='word_1_242' title='bbox 686 2535 721 2585; x_wconf 91' lang='lat' dir='ltr'><strong>ob</strong></span> <span class='ocrx_word' id='word_1_243' title='bbox 732 2509 886 2599; x_wconf 77' lang='lat' dir='ltr'><strong>suspiciosos</strong></span> <span class='ocrx_word' id='word_1_244' title='bbox 905 2545 932 2586; x_wconf 90' lang='lat' dir='ltr'><strong>at</strong></span> <span class='ocrx_word' id='word_1_245' title='bbox 950 2538 1068 2588; x_wconf 84' lang='lat' dir='ltr'><strong>innoxios</strong></span> <span class='ocrx_word' id='word_1_246' title='bbox 1083 2538 1168 2605; x_wconf 80' lang='lat' dir='ltr'><strong>jocos,</strong></span> <span class='ocrx_word' id='word_1_247' title='bbox 1184 2546 1213 2590; x_wconf 86' lang='lat' dir='ltr'><strong>nt</strong></span> 
     </span>
     <span class='ocr_line' id='line_1_31' title="bbox 112 2598 1100 2663; baseline 0.003 -13"><span class='ocrx_word' id='word_1_248' title='bbox 112 2607 197 2662; x_wconf 80' lang='lat' dir='ltr'><strong>satur,</strong></span> <span class='ocrx_word' id='word_1_249' title='bbox 213 2598 241 2648; x_wconf 88' lang='lat' dir='ltr'><strong>lu</strong></span> <span class='ocrx_word' id='word_1_250' title='bbox 258 2598 374 2663; x_wconf 80' lang='lat' dir='ltr'><strong>plebeios</strong></span> <span class='ocrx_word' id='word_1_251' title='bbox 387 2599 442 2663; x_wconf 86' lang='lat' dir='ltr'><strong>jam</strong></span> <span class='ocrx_word' id='word_1_252' title='bbox 453 2612 545 2648; x_wconf 78' lang='lat' dir='ltr'><strong>saeure</strong></span> <span class='ocrx_word' id='word_1_253' title='bbox 557 2612 645 2661; x_wconf 74' lang='lat' dir='ltr'><strong>aggre-</strong></span> <span class='ocrx_word' id='word_1_254' title='bbox 684 2608 790 2650; x_wconf 80' lang='lat' dir='ltr'><strong>enarrat</strong></span> <span class='ocrx_word' id='word_1_255' title='bbox 800 2602 904 2652; x_wconf 80' lang='lat' dir='ltr'><strong>Sueten.</strong></span> <span class='ocrx_word' id='word_1_256' title='bbox 916 2602 1016 2653; x_wconf 86' lang='lat' dir='ltr'><strong>Domit.</strong></span> <span class='ocrx_word' id='word_1_257' title='bbox 1028 2617 1052 2652; x_wconf 86' lang='lat' dir='ltr'><strong>o.</strong></span> <span class='ocrx_word' id='word_1_258' title='bbox 1061 2607 1100 2655; x_wconf 81' lang='lat' dir='ltr'><strong>lb.</strong></span> 
     </span>
    </p>
   </div>
   <div class='ocr_carea' id='block_1_4' title="bbox 481 2842 839 2880">
    <p class='ocr_par' dir='ltr' id='par_1_11' title="bbox 481 2842 839 2880">
     <span class='ocr_line' id='line_1_32' title="bbox 481 2842 839 2880; baseline 0.008 -3"><span class='ocrx_word' id='word_1_259' title='bbox 481 2842 839 2880; x_wconf 43' lang='lat' dir='ltr'><strong>G&amp;</strong></span> 
     </span>
    </p>
   </div>
   <div class='ocr_carea' id='block_1_5' title="bbox 467 3060 941 3178">
    <p class='ocr_par' dir='ltr' id='par_1_12' title="bbox 467 3060 941 3178">
     <span class='ocr_line' id='line_1_33' title="bbox 467 3060 941 3178; baseline -0.015 -25"><span class='ocrx_word' id='word_1_260' title='bbox 467 3060 758 3153; x_wconf 73' lang='lat' dir='ltr'><strong>snmus</strong></span> <span class='ocrx_word' id='word_1_261' title='bbox 795 3062 863 3148; x_wconf 86' lang='lat' dir='ltr'><strong>v.</strong></span> <span class='ocrx_word' id='word_1_262' title='bbox 937 3168 941 3178; x_wconf 84' lang='lat'>.</span> 
     </span>
    </p>
   </div>
   <div class='ocr_carea' id='block_1_6' title="bbox 115 3241 1102 3420">
    <p class='ocr_par' dir='ltr' id='par_1_13' title="bbox 115 3241 1102 3420">
     <span class='ocr_line' id='line_1_34' title="bbox 115 3241 1102 3420; baseline -0.006 -86"><span class='ocrx_word' id='word_1_263' title='bbox 115 3241 166 3334; x_wconf 78' lang='lat' dir='ltr'><strong>Si</strong></span> <span class='ocrx_word' id='word_1_264' title='bbox 184 3271 218 3331; x_wconf 90' lang='lat' dir='ltr'><strong>te</strong></span> <span class='ocrx_word' id='word_1_265' title='bbox 232 3268 391 3351; x_wconf 84' lang='lat' dir='ltr'><strong>propositi</strong></span> <span class='ocrx_word' id='word_1_266' title='bbox 404 3268 674 3420; x_wconf 49' lang='lat' dir='ltr'><strong>nondumapudet,</strong></span> <span class='ocrx_word' id='word_1_267' title='bbox 689 3273 789 3352; x_wconf 91' lang='lat' dir='ltr'><strong>atque</strong></span> <span class='ocrx_word' id='word_1_268' title='bbox 803 3266 919 3331; x_wconf 84' lang='lat' dir='ltr'><strong>eadem</strong></span> <span class='ocrx_word' id='word_1_269' title='bbox 933 3270 984 3332; x_wconf 87' lang='lat' dir='ltr'><strong>est</strong></span> <span class='ocrx_word' id='word_1_270' title='bbox 996 3283 1102 3343; x_wconf 89' lang='lat' dir='ltr'><strong>mens,</strong></span> 
     </span>
    </p>
   </div>
   <div class='ocr_carea' id='block_1_7' title="bbox 113 3351 951 3524">
    <p class='ocr_par' dir='ltr' id='par_1_14' title="bbox 113 3351 951 3524">
     <span class='ocr_line' id='line_1_35' title="bbox 113 3351 935 3438; baseline -0.001 -20"><span class='ocrx_word' id='word_1_271' title='bbox 113 3351 163 3418; x_wconf 87' lang='lat' dir='ltr'><strong>Ut</strong></span> <span class='ocrx_word' id='word_1_272' title='bbox 176 3354 264 3418; x_wconf 82' lang='lat' dir='ltr'><strong>bona</strong></span> <span class='ocrx_word' id='word_1_273' title='bbox 277 3374 408 3418; x_wconf 86' lang='lat' dir='ltr'><strong>summa</strong></span> <span class='ocrx_word' id='word_1_274' title='bbox 421 3359 530 3438; x_wconf 88' lang='lat' dir='ltr'><strong>putes,</strong></span> <span class='ocrx_word' id='word_1_275' title='bbox 579 3356 651 3418; x_wconf 84' lang='lat' dir='ltr'><strong>‘ena</strong></span> <span class='ocrx_word' id='word_1_276' title='bbox 663 3356 775 3420; x_wconf 82' lang='lat' dir='ltr'><strong>vivere</strong></span> <span class='ocrx_word' id='word_1_277' title='bbox 792 3353 935 3437; x_wconf 83' lang='lat' dir='ltr'><strong>quadra;</strong></span> 
     </span>
     <span class='ocr_line' id='line_1_36' title="bbox 116 3438 951 3524; baseline 0.001 -21"><span class='ocrx_word' id='word_1_278' title='bbox 116 3438 151 3503; x_wconf 82' lang='lat' dir='ltr'><strong>Si</strong></span> <span class='ocrx_word' id='word_1_279' title='bbox 165 3445 266 3524; x_wconf 87' lang='lat' dir='ltr'><strong>potos</strong></span> <span class='ocrx_word' id='word_1_280' title='bbox 279 3441 338 3504; x_wconf 85' lang='lat' dir='ltr'><strong>illa</strong></span> <span class='ocrx_word' id='word_1_281' title='bbox 350 3440 433 3523; x_wconf 87' lang='lat' dir='ltr'><strong>pati,</strong></span> <span class='ocrx_word' id='word_1_282' title='bbox 450 3460 527 3523; x_wconf 82' lang='lat' dir='ltr'><strong>quae</strong></span> <span class='ocrx_word' id='word_1_283' title='bbox 542 3460 602 3505; x_wconf 91' lang='lat' dir='ltr'><strong>nec</strong></span> <span class='ocrx_word' id='word_1_284' title='bbox 618 3441 807 3506; x_wconf 83' lang='lat' dir='ltr'><strong>Sarmentus</strong></span> <span class='ocrx_word' id='word_1_285' title='bbox 821 3442 951 3524; x_wconf 81' lang='lat' dir='ltr'><strong>iniquus</strong></span> 
     </span>
    </p>
   </div>
   <div class='ocr_carea' id='block_1_8' title="bbox 114 3587 1211 4105">
    <p class='ocr_par' dir='ltr' id='par_1_15' title="bbox 114 3587 1211 3793">
     <span class='ocr_line' id='line_1_37' title="bbox 179 3587 1211 3655; baseline 0.001 -16"><span class='ocrx_word' id='word_1_286' title='bbox 179 3589 209 3639; x_wconf 79' lang='lat' dir='ltr'><strong>Si</strong></span> <span class='ocrx_word' id='word_1_287' title='bbox 226 3596 250 3640; x_wconf 80' lang='lat' dir='ltr'><strong>ts</strong></span> <span class='ocrx_word' id='word_1_288' title='bbox 264 3589 391 3655; x_wconf 68' lang='lat' dir='ltr'><strong>mosiis]</strong></span> <span class='ocrx_word' id='word_1_289' title='bbox 422 3587 571 3654; x_wconf 76' lang='lat' dir='ltr'><strong>Alloquitur</strong></span> <span class='ocrx_word' id='word_1_290' title='bbox 580 3587 645 3639; x_wconf 79' lang='lat' dir='ltr'><strong>&#39;l&#39;re-</strong></span> <span class='ocrx_word' id='word_1_291' title='bbox 750 3591 858 3654; x_wconf 77' lang='lat' dir='ltr'><strong>Quadra]</strong></span> <span class='ocrx_word' id='word_1_292' title='bbox 891 3589 983 3641; x_wconf 77' lang='lat' dir='ltr'><strong>Alieno</strong></span> <span class='ocrx_word' id='word_1_293' title='bbox 994 3590 1088 3653; x_wconf 75' lang='lat' dir='ltr'><strong>catino,</strong></span> <span class='ocrx_word' id='word_1_294' title='bbox 1105 3588 1211 3640; x_wconf 82' lang='lat' dir='ltr'><strong>aliorum</strong></span> 
     </span>
     <span class='ocr_line' id='line_1_38' title="bbox 115 3652 1210 3720; baseline 0.002 -17"><span class='ocrx_word' id='word_1_295' title='bbox 115 3652 186 3704; x_wconf 84' lang='lat' dir='ltr'><strong>bium</strong></span> <span class='ocrx_word' id='word_1_296' title='bbox 205 3656 355 3718; x_wconf 75' lang='lat' dir='ltr'><strong>parasitum,</strong></span> <span class='ocrx_word' id='word_1_297' title='bbox 374 3668 450 3720; x_wconf 86' lang='lat' dir='ltr'><strong>quem</strong></span> <span class='ocrx_word' id='word_1_298' title='bbox 468 3661 588 3703; x_wconf 76' lang='lat' dir='ltr'><strong>evertere</strong></span> <span class='ocrx_word' id='word_1_299' title='bbox 605 3669 645 3704; x_wconf 87' lang='lat' dir='ltr'><strong>oo·</strong></span> <span class='ocrx_word' id='word_1_300' title='bbox 669 3656 807 3704; x_wconf 69' lang='lat' dir='ltr'><strong>sumtibus</strong></span> <span class='ocrx_word' id='word_1_301' title='bbox 824 3671 854 3704; x_wconf 82' lang='lat' dir='ltr'><strong>ac</strong></span> <span class='ocrx_word' id='word_1_302' title='bbox 874 3670 967 3705; x_wconf 86' lang='lat' dir='ltr'><strong>mensa.</strong></span> <span class='ocrx_word' id='word_1_303' title='bbox 1010 3655 1146 3705; x_wconf 80' lang='lat' dir='ltr'><strong>Vascnlnrn</strong></span> <span class='ocrx_word' id='word_1_304' title='bbox 1157 3669 1210 3705; x_wconf 91' lang='lat' dir='ltr'><strong>rno-</strong></span> 
     </span>
     <span class='ocr_line' id='line_1_39' title="bbox 114 3718 1211 3793; baseline 0.004 -29"><span class='ocrx_word' id='word_1_305' title='bbox 114 3725 192 3764; x_wconf 79' lang='lat' dir='ltr'><strong>nstnr</strong></span> <span class='ocrx_word' id='word_1_306' title='bbox 202 3731 219 3764; x_wconf 80' lang='lat' dir='ltr'><strong>a</strong></span> <span class='ocrx_word' id='word_1_307' title='bbox 229 3720 330 3769; x_wconf 80' lang='lat' dir='ltr'><strong>sordida</strong></span> <span class='ocrx_word' id='word_1_308' title='bbox 338 3733 384 3770; x_wconf 82' lang='lat' dir='ltr'><strong>sos</strong></span> <span class='ocrx_word' id='word_1_309' title='bbox 394 3718 499 3769; x_wconf 81' lang='lat' dir='ltr'><strong>vivendi</strong></span> <span class='ocrx_word' id='word_1_310' title='bbox 509 3719 618 3768; x_wconf 86' lang='lat' dir='ltr'><strong>ratione.</strong></span> <span class='ocrx_word' id='word_1_311' title='bbox 685 3720 743 3769; x_wconf 85' lang='lat' dir='ltr'><strong>dice</strong></span> <span class='ocrx_word' id='word_1_312' title='bbox 754 3731 901 3780; x_wconf 82' lang='lat' dir='ltr'><strong>concavum,</strong></span> <span class='ocrx_word' id='word_1_313' title='bbox 917 3733 995 3782; x_wconf 85' lang='lat' dir='ltr'><strong>super</strong></span> <span class='ocrx_word' id='word_1_314' title='bbox 1013 3733 1063 3793; x_wconf 84' lang='lat' dir='ltr'><strong>quo</strong></span> <span class='ocrx_word' id='word_1_315' title='bbox 1082 3719 1133 3767; x_wconf 89' lang='lat' dir='ltr'><strong>cibi</strong></span> <span class='ocrx_word' id='word_1_316' title='bbox 1151 3733 1211 3768; x_wconf 86' lang='lat' dir='ltr'><strong>con·</strong></span> 
     </span>
    </p>

    <p class='ocr_par' dir='ltr' id='par_1_16' title="bbox 114 3778 1211 4105">
     <span class='ocr_line' id='line_1_40' title="bbox 151 3778 1211 3848; baseline 0.005 -22"><span class='ocrx_word' id='word_1_317' title='bbox 151 3778 182 3826; x_wconf 82' lang='lat' dir='ltr'><strong>Si</strong></span> <span class='ocrx_word' id='word_1_318' title='bbox 192 3785 217 3828; x_wconf 82' lang='lat' dir='ltr'><strong>ts</strong></span> <span class='ocrx_word' id='word_1_319' title='bbox 224 3785 347 3848; x_wconf 72' lang='lat' dir='ltr'><strong>propositi]</strong></span> <span class='ocrx_word' id='word_1_320' title='bbox 363 3786 461 3835; x_wconf 79' lang='lat' dir='ltr'><strong>Contra</strong></span> <span class='ocrx_word' id='word_1_321' title='bbox 472 3784 583 3834; x_wconf 80' lang='lat' dir='ltr'><strong>Codices</strong></span> <span class='ocrx_word' id='word_1_322' title='bbox 593 3797 645 3832; x_wconf 88' lang='lat' dir='ltr'><strong>om·</strong></span> <span class='ocrx_word' id='word_1_323' title='bbox 684 3783 749 3832; x_wconf 83' lang='lat' dir='ltr'><strong>viris</strong></span> <span class='ocrx_word' id='word_1_324' title='bbox 760 3790 934 3846; x_wconf 87' lang='lat' dir='ltr'><strong>apponuntur,</strong></span> <span class='ocrx_word' id='word_1_325' title='bbox 943 3785 983 3830; x_wconf 79' lang='lat' dir='ltr'><strong>vel</strong></span> <span class='ocrx_word' id='word_1_326' title='bbox 992 3791 1071 3831; x_wconf 82' lang='lat' dir='ltr'><strong>etrum</strong></span> <span class='ocrx_word' id='word_1_327' title='bbox 1082 3782 1211 3832; x_wconf 83' lang='lat' dir='ltr'><strong>dissecan-</strong></span> 
     </span>
     <span class='ocr_line' id='line_1_41' title="bbox 117 3845 1211 3914; baseline 0.003 -19"><span class='ocrx_word' id='word_1_328' title='bbox 117 3848 566 3912; x_wconf 78' lang='lat' dir='ltr'><strong>nesmnnuscriptosetexcusos‚ut</strong></span> <span class='ocrx_word' id='word_1_329' title='bbox 581 3846 645 3897; x_wconf 79' lang='lat' dir='ltr'><strong>fare-</strong></span> <span class='ocrx_word' id='word_1_330' title='bbox 685 3856 736 3906; x_wconf 83' lang='lat' dir='ltr'><strong>tur,</strong></span> <span class='ocrx_word' id='word_1_331' title='bbox 763 3847 864 3911; x_wconf 82' lang='lat' dir='ltr'><strong>quando</strong></span> <span class='ocrx_word' id='word_1_332' title='bbox 891 3853 931 3896; x_wconf 88' lang='lat' dir='ltr'><strong>est</strong></span> <span class='ocrx_word' id='word_1_333' title='bbox 957 3845 1045 3910; x_wconf 79' lang='lat' dir='ltr'><strong>ligura</strong></span> <span class='ocrx_word' id='word_1_334' title='bbox 1072 3845 1211 3914; x_wconf 74' lang='lat' dir='ltr'><strong>quadrata,</strong></span> 
     </span>
     <span class='ocr_line' id='line_1_42' title="bbox 117 3906 1211 3981; baseline 0.003 -22"><span class='ocrx_word' id='word_1_335' title='bbox 117 3914 163 3981; x_wconf 61' lang='lat' dir='ltr'><strong>tulf</strong></span> <span class='ocrx_word' id='word_1_336' title='bbox 183 3906 294 3969; x_wconf 51' lang='lat' dir='ltr'><strong>imolae</strong></span> <span class='ocrx_word' id='word_1_337' title='bbox 312 3912 318 3924; x_wconf 86' lang='lat'>&#39;</span> <span class='ocrx_word' id='word_1_338' title='bbox 339 3928 368 3961; x_wconf 87' lang='lat' dir='ltr'><strong>ns</strong></span> <span class='ocrx_word' id='word_1_339' title='bbox 385 3915 458 3976; x_wconf 74' lang='lat' dir='ltr'><strong>legit,</strong></span> <span class='ocrx_word' id='word_1_340' title='bbox 477 3914 646 3978; x_wconf 75' lang='lat' dir='ltr'><strong>Sictepropo·</strong></span> <span class='ocrx_word' id='word_1_341' title='bbox 684 3915 783 3976; x_wconf 68' lang='lat' dir='ltr'><strong>sundro,</strong></span> <span class='ocrx_word' id='word_1_342' title='bbox 800 3911 821 3959; x_wconf 76' lang='lat' dir='ltr'><strong>si</strong></span> <span class='ocrx_word' id='word_1_343' title='bbox 841 3911 965 3971; x_wconf 69' lang='lat' dir='ltr'><strong>rotundae,</strong></span> <span class='ocrx_word' id='word_1_344' title='bbox 977 3910 1045 3959; x_wconf 87' lang='lat' dir='ltr'><strong>orbis</strong></span> <span class='ocrx_word' id='word_1_345' title='bbox 1056 3912 1141 3960; x_wconf 81' lang='lat' dir='ltr'><strong>vocari</strong></span> <span class='ocrx_word' id='word_1_346' title='bbox 1153 3912 1211 3962; x_wconf 87' lang='lat' dir='ltr'><strong>soli·</strong></span> 
     </span>
     <span class='ocr_line' id='line_1_43' title="bbox 114 3971 1210 4039; baseline 0.007 -21"><span class='ocrx_word' id='word_1_347' title='bbox 114 3971 169 4031; x_wconf 82' lang='lat' dir='ltr'><strong>sits,</strong></span> <span class='ocrx_word' id='word_1_348' title='bbox 180 3973 226 4031; x_wconf 65' lang='lat' dir='ltr'><strong>dre.</strong></span> <span class='ocrx_word' id='word_1_349' title='bbox 237 3971 264 4019; x_wconf 85' lang='lat' dir='ltr'><strong>id</strong></span> <span class='ocrx_word' id='word_1_350' title='bbox 334 3975 434 4038; x_wconf 75' lang='lat' dir='ltr'><strong>Siccine,</strong></span> <span class='ocrx_word' id='word_1_351' title='bbox 444 3982 484 4039; x_wconf 60' lang='grc' dir='ltr'><strong>ξι.</strong></span> <span class='ocrx_word' id='word_1_352' title='bbox 495 3993 553 4029; x_wconf 87' lang='lat' dir='ltr'><strong>enm</strong></span> <span class='ocrx_word' id='word_1_353' title='bbox 565 3980 645 4027; x_wconf 87' lang='lat' dir='ltr'><strong>inter·</strong></span> <span class='ocrx_word' id='word_1_354' title='bbox 685 3985 749 4027; x_wconf 89' lang='lat' dir='ltr'><strong>tum.</strong></span> <span class='ocrx_word' id='word_1_355' title='bbox 783 3976 873 4039; x_wconf 77' lang='lat' dir='ltr'><strong>Virgil.</strong></span> <span class='ocrx_word' id='word_1_356' title='bbox 890 3975 1049 4030; x_wconf 65' lang='lat' dir='ltr'><strong>unctum.</strong></span> <span class='ocrx_word' id='word_1_357' title='bbox 1068 3980 1122 4027; x_wconf 77' lang='grc'><strong>115.</strong></span> <span class='ocrx_word' id='word_1_358' title='bbox 1141 3978 1210 4027; x_wconf 87' lang='lat' dir='ltr'><strong>‘Pa-</strong></span> 
     </span>
     <span class='ocr_line' id='line_1_44' title="bbox 116 4035 1210 4105; baseline 0.006 -22"><span class='ocrx_word' id='word_1_359' title='bbox 116 4035 255 4098; x_wconf 70' lang='lat' dir='ltr'><strong>rogatioue</strong></span> <span class='ocrx_word' id='word_1_360' title='bbox 271 4044 298 4084; x_wconf 84' lang='lat' dir='ltr'><strong>et</strong></span> <span class='ocrx_word' id='word_1_361' title='bbox 312 4038 501 4104; x_wconf 72' lang='lat' dir='ltr'><strong>indignatione:</strong></span> <span class='ocrx_word' id='word_1_362' title='bbox 526 4043 646 4104; x_wconf 62' lang='lat' dir='ltr'><strong>alieniu-</strong></span> <span class='ocrx_word' id='word_1_363' title='bbox 686 4042 747 4090; x_wconf 83' lang='lat' dir='ltr'><strong>lulis</strong></span> <span class='ocrx_word' id='word_1_364' title='bbox 771 4055 819 4089; x_wconf 84' lang='lat' dir='ltr'><strong>nee</strong></span> <span class='ocrx_word' id='word_1_365' title='bbox 848 4054 953 4103; x_wconf 78' lang='lat' dir='ltr'><strong>parcere</strong></span> <span class='ocrx_word' id='word_1_366' title='bbox 981 4041 1100 4105; x_wconf 73' lang='lat' dir='ltr'><strong>quadris!</strong></span> <span class='ocrx_word' id='word_1_367' title='bbox 1142 4042 1210 4095; x_wconf 81' lang='lat' dir='ltr'><strong>Item</strong></span> 
     </span>
    </p>
   </div>
   <div class='ocr_carea' id='block_1_9' title="bbox 23 4100 1210 4170">
    <p class='ocr_par' dir='ltr' id='par_1_17' title="bbox 23 4100 1210 4170">
     <span class='ocr_line' id='line_1_45' title="bbox 23 4100 1210 4170; baseline 0.003 -21"><span class='ocrx_word' id='word_1_368' title='bbox 23 4126 27 4132; x_wconf 84' lang='lat'><strong>·</strong></span> <span class='ocrx_word' id='word_1_369' title='bbox 116 4101 259 4166; x_wconf 81' lang='lat' dir='ltr'><strong>qnltnulla</strong></span> <span class='ocrx_word' id='word_1_370' title='bbox 267 4100 646 4168; x_wconf 63' lang='lat' dir='ltr'><strong>oobaemmianullaeommodn</strong></span> <span class='ocrx_word' id='word_1_371' title='bbox 685 4108 775 4170; x_wconf 75' lang='lat' dir='ltr'><strong>quadro</strong></span> <span class='ocrx_word' id='word_1_372' title='bbox 791 4112 831 4154; x_wconf 85' lang='lat' dir='ltr'><strong>est</strong></span> <span class='ocrx_word' id='word_1_373' title='bbox 849 4104 956 4154; x_wconf 77' lang='lat' dir='ltr'><strong>frustum</strong></span> <span class='ocrx_word' id='word_1_374' title='bbox 976 4107 1055 4170; x_wconf 78' lang='lat' dir='ltr'><strong>panis,</strong></span> <span class='ocrx_word' id='word_1_375' title='bbox 1073 4108 1210 4170; x_wconf 69' lang='lat' dir='ltr'><strong>placente,</strong></span> 
     </span>
    </p>
   </div>
   <div class='ocr_carea' id='block_1_10' title="bbox 117 4165 1210 4364">
    <p class='ocr_par' dir='ltr' id='par_1_18' title="bbox 117 4165 1210 4364">
     <span class='ocr_line' id='line_1_46' title="bbox 118 4165 1210 4234; baseline 0.002 -18"><span class='ocrx_word' id='word_1_376' title='bbox 118 4165 259 4216; x_wconf 83' lang='lat' dir='ltr'><strong>sententio.</strong></span> <span class='ocrx_word' id='word_1_377' title='bbox 299 4166 481 4217; x_wconf 80' lang='lat' dir='ltr'><strong>Verumtamen</strong></span> <span class='ocrx_word' id='word_1_378' title='bbox 496 4170 538 4219; x_wconf 85' lang='lat' dir='ltr'><strong>bie</strong></span> <span class='ocrx_word' id='word_1_379' title='bbox 554 4172 645 4222; x_wconf 85' lang='lat' dir='ltr'><strong>saltem</strong></span> <span class='ocrx_word' id='word_1_380' title='bbox 686 4170 763 4230; x_wconf 72' lang='lat' dir='ltr'><strong>msei,</strong></span> <span class='ocrx_word' id='word_1_381' title='bbox 781 4169 849 4232; x_wconf 87' lang='lat' dir='ltr'><strong>apud</strong></span> <span class='ocrx_word' id='word_1_382' title='bbox 868 4171 1020 4220; x_wconf 77' lang='lat' dir='ltr'><strong>Martialem.</strong></span> <span class='ocrx_word' id='word_1_383' title='bbox 1062 4171 1100 4221; x_wconf 79' lang='lat' dir='ltr'><strong>At</strong></span> <span class='ocrx_word' id='word_1_384' title='bbox 1118 4165 1210 4234; x_wconf 63' lang='lat' dir='ltr'><strong>praeio</strong></span> 
     </span>
     <span class='ocr_line' id='line_1_47' title="bbox 117 4229 1043 4298; baseline 0.008 -20"><span class='ocrx_word' id='word_1_385' title='bbox 117 4230 143 4281; x_wconf 89' lang='lat' dir='ltr'><strong>in</strong></span> <span class='ocrx_word' id='word_1_386' title='bbox 153 4240 201 4282; x_wconf 79' lang='lat' dir='ltr'><strong>tuo</strong></span> <span class='ocrx_word' id='word_1_387' title='bbox 215 4244 294 4281; x_wconf 71' lang='lat' dir='ltr'><strong>muso</strong></span> <span class='ocrx_word' id='word_1_388' title='bbox 306 4229 419 4282; x_wconf 81' lang='lat' dir='ltr'><strong>abundat</strong></span> <span class='ocrx_word' id='word_1_389' title='bbox 429 4231 467 4282; x_wconf 80' lang='lat' dir='ltr'><strong>vir</strong></span> <span class='ocrx_word' id='word_1_390' title='bbox 484 4240 572 4284; x_wconf 82' lang='lat' dir='ltr'><strong>cetera</strong></span> <span class='ocrx_word' id='word_1_391' title='bbox 586 4236 646 4287; x_wconf 89' lang='lat' dir='ltr'><strong>doc·</strong></span> <span class='ocrx_word' id='word_1_392' title='bbox 685 4234 765 4287; x_wconf 82' lang='lat' dir='ltr'><strong>reuda</strong></span> <span class='ocrx_word' id='word_1_393' title='bbox 776 4238 846 4298; x_wconf 85' lang='lat' dir='ltr'><strong>prior</strong></span> <span class='ocrx_word' id='word_1_394' title='bbox 856 4235 910 4285; x_wconf 87' lang='lat' dir='ltr'><strong>inte</strong></span> <span class='ocrx_word' id='word_1_395' title='bbox 943 4237 1043 4287; x_wconf 74' lang='lat' dir='ltr'><strong>relatio.</strong></span> 
     </span>
     <span class='ocr_line' id='line_1_48' title="bbox 119 4292 1210 4364; baseline 0.001 -17"><span class='ocrx_word' id='word_1_396' title='bbox 119 4294 433 4361; x_wconf 74' lang='lat' dir='ltr'><strong>tusetvaldeingenuus.</strong></span> <span class='ocrx_word' id='word_1_397' title='bbox 750 4297 895 4364; x_wconf 61' lang='lat' dir='ltr'><strong>matus]</strong></span> <span class='ocrx_word' id='word_1_398' title='bbox 935 4300 1015 4352; x_wconf 75' lang='lat' dir='ltr'><strong>struit</strong></span> <span class='ocrx_word' id='word_1_399' title='bbox 1031 4303 1159 4352; x_wconf 75' lang='lat' dir='ltr'><strong>Romanos</strong></span> <span class='ocrx_word' id='word_1_400' title='bbox 1175 4292 1210 4342; x_wconf 59' lang='grc' dir='ltr'>Β</span> 
     </span>
    </p>
   </div>
   <div class='ocr_carea' id='block_1_11' title="bbox 0 0 1446 4917">
    <p class='ocr_par' dir='ltr' id='par_1_19' title="bbox 0 0 1446 4917">
     <span class='ocr_line' id='line_1_49' title="bbox 0 0 1446 4917; baseline 0 0"><span class='ocrx_word' id='word_1_401' title='bbox 0 0 1446 4917; x_wconf 95' lang='lat' dir='ltr'><strong> </strong></span> 
     </span>
    </p>
   </div>
  </div>
 </body>
</html>
