2884 4917
638 83 806 151 Cum
827 83 1054 150 blandi
1081 85 1381 165 comites,
1402 91 1673 171 totaque
1702 87 1970 171 impune
1997 83 2262 150 Subura

641 171 955 237 Permisit
976 172 1307 255 sparsisse
1335 174 1562 237 oculos
1580 173 1723 258 jam
1750 170 2069 238 candidus
2086 171 2329 251 umbo;

560 289 576 308 ·
641 255 942 341 Cumque
970 257 1093 322 iter
1119 259 1499 341 ambiguum
1527 265 1657 348 est,
1676 265 1746 325 et
1770 259 1928 324 vitae
1959 256 2220 322 nescius
2243 276 2428 322 error

637 419 841 470 resque,
863 412 920 457 et
940 414 1114 473 togam
1148 406 1360 473 pictam,
1378 416 1535 476 atque
1559 426 1689 475 prae-

636 476 856 534 textam,
887 488 1004 537 quae
1039 474 1260 538 insignia
1293 476 1690 541 Magistratuum

636 530 1013 587 Hetruscorum
1037 545 1204 600 erant,
1220 539 1414 603 primns
1435 549 1495 591 ut
1516 542 1691 591 Romae

633 597 962 665 haberentur,
1005 603 1246 655 instituit.
1330 605 1433 654 Sed
1458 612 1694 670 ,pretex-

637 668 748 713 tam
768 665 858 715 illo
878 669 1069 717 saeculo
1103 669 1312 732 puerilis
1352 684 1453 717 non
1493 684 1695 733 usurpa-

637 726 734 777 bat
773 736 916 782 aetas.
992 731 1181 782 Postea
1223 747 1342 782 vero
1384 733 1694 796 Tarquinius

638 791 1073 845 Priscus—filium
1109 810 1256 845 suum
1305 810 1462 844 annos
1510 802 1692 860 quatu-

638 857 866 908 ordecim
908 866 1102 919 natum,
1138 858 1271 923 quod
1302 860 1499 906 hostem
1537 861 1694 907 manu

639 929 982 984 percusserat,
1027 938 1121 986 pro
1164 922 1405 970 concione
1444 922 1690 984 laudavit,

638 991 694 1034 et
716 985 856 1036 bulla
886 999 1039 1035 aurea
1073 991 1428 1048 praetextaque
1455 984 1688 1046 donavit,

634 1047 909 1113 insigniens
930 1062 1142 1124 puerum
1163 1048 1303 1097 ultra
1321 1063 1481 1097 annos
1500 1047 1691 1099 fortem

637 1112 861 1175 praemiis
898 1111 1160 1161 virilitatis
1208 1117 1262 1161 et
1296 1112 1695 1162 honoris.—Alii

632 1181 820 1239 putant
837 1173 1057 1224 eundem
1074 1176 1333 1236 Priscum,
1361 1192 1478 1226 cum
1501 1184 1696 1226 statum

635 1237 822 1288 civium
865 1239 1081 1289 solertia
1124 1240 1329 1304 providi
1364 1241 1699 1305 Principatns

631 1301 922 1366 ordinaret,
936 1303 1130 1354 cultum
1149 1319 1350 1369 quoque
1361 1305 1697 1369 ingenuorum

633 1379 913 1431 puerorum
932 1368 1072 1418 inter
1087 1369 1350 1433 praecipua
1365 1370 1556 1419 dixisse
1574 1387 1586 1419 :
1623 1369 1699 1419 in·

635 1430 969 1498 stimisseque
1011 1442 1072 1483 ut
1113 1434 1327 1484 Patricii
1368 1434 1512 1483 bulla
1543 1449 1700 1484 aurea

639 1509 758 1546 cum
803 1503 927 1562 toga
984 1498 1068 1548 cui
1112 1499 1418 1561 praetexitur
1472 1514 1700 1563 purpura

638 1565 932 1625 uterentur,
965 1562 1215 1613 duntaxat
1238 1564 1314 1613 illi
1349 1578 1561 1628 quorum
1601 1565 1699 1613 Pa»

639 1631 746 1675 tres
764 1627 1004 1677 Cnrulem
1023 1635 1289 1692 gesserant
1303 1626 1701 1704 Magistratumss

642 1691 742 1740 dte.
792 1690 1065 1754 Asconius,
1096 1693 1112 1720 ‘
1137 1692 1321 1754 Bulla,'
1345 1708 1398 1742 in
1437 1694 1531 1758 uit,
1554 1695 1569 1721 ‘
1594 1708 1722 1742 sus-t

709 1754 807 1808 ndi
833 1754 884 1803 in
919 1756 1053 1805 collo
1087 1755 1318 1821 ingenuis
1354 1771 1410 1807 so
1432 1766 1488 1808 et
1528 1772 1699 1820 aurea,

682 1817 895 1868 bertinis
915 1826 1137 1895 scortea,
1175 1822 1321 1884 quasi
1349 1823 1699 1872 communiens

641 1884 1701 2016 ffiffixfftssiaetssitst‘etism:

641 2009 767 2061 dere
783 2026 886 2089 pro
953 2021 1132 2065 ectore
1167 2014 1423 2066 affirmant
1454 2017 1702 2079 nonnulli,

641 2082 704 2125 ut
724 2076 798 2126 ibn
819 2093 882 2128 co
950 2080 990 2129 's
1007 2079 1202 2166 insissne
1236 2081 1499 2142 maneret:
1516 2081 1604 2130 ubi
1627 2096 1702 2130 se-

642 2140 736 2190 des
753 2145 1107 2194 erataconsilii.
1158 2173 1163 2178 ·
1192 2147 1267 2196 Et
1289 2146 1517 2210 ejusdem
1539 2146 1626 2195 lib.
1650 2160 1699 2195 c.

641 2206 724 2254 26.
756 2207 772 2232 ⁸
791 2205 1012 2256 Romani
1048 2223 1233 2272 pueros
1269 2216 1525 2273 praetexta
1544 2210 1700 2258 dona·

641 2266 789 2329 bant,
811 2277 867 2318 et
905 2271 1059 2322 bulla.
1124 2272 1256 2322 Haec
1290 2288 1447 2323 aurea
1477 2280 1608 2335 erat,
1627 2274 1701 2322 in-

641 2330 786 2393 signe
816 2333 1118 2396 nobilitatis,
1155 2336 1368 2398 figuram
1406 2337 1578 2385 co‘rdis
1617 2337 1702 2384 ha·

642 2392 790 2454 bens,
813 2402 871 2441 ut
889 2396 1152 2456 signarent
1181 2411 1296 2446 eam
1329 2404 1535 2447 aetatem
1574 2399 1701 2446 alte·

640 2456 746 2506 rins
784 2458 996 2507 consilio
1043 2459 1336 2522 regendam.
1405 2462 1556 2511 Bulla
1598 2462 1700 2525 pri-

639 2535 779 2572 mum
823 2537 853 2573 a
892 2523 1173 2589 Tarquinio
1227 2525 1407 2575 Prisco
1457 2525 1703 2578 donatum

642 2601 789 2637 suum
806 2586 969 2638 filium
986 2590 1217 2651 tradunt,
1234 2606 1386 2656 quem
1405 2592 1456 2640 in
1481 2600 1704 2656 praetex-

641 2657 714 2702 tre
735 2652 880 2703 aunis
920 2655 1118 2705 hostem
1162 2656 1343 2707 dicunt
1373 2658 1704 2708 occidisse.—

642 2718 835 2769 Iaorum
854 2734 976 2770 vero
1015 2726 1133 2771 erat
1152 2721 1351 2788 insigne
1383 2722 1703 2785 libertorum,

642 2783 961 2847 plebeiorum
1005 2793 1060 2836 et
1097 2801 1398 2851 pauperum.
1480 2788 1704 2851 Propius

645 2862 772 2899 vero
796 2856 896 2911 est,
920 2847 1117 2900 foedere
1153 2853 1262 2901 icto
1283 2866 1399 2903 cum
1421 2851 1624 2901 Sabinis
1649 2858 1704 2901 et

643 2910 823 2975 Tatio,
843 2922 1049 2965 cautum
1083 2914 1263 2977 fuisse,
1301 2923 1361 2964 ut
1395 2914 1535 2964 bulla
1571 2929 1703 2978 prae·

645 2982 914 3040 textaque,
937 2993 1031 3041 per
1062 2993 1148 3027 eas
1184 2985 1519 3041 tempestates
1557 2979 1704 3029 Sabi·

643 3053 828 3088 norum
850 3048 1053 3102 ornatu,
1075 3049 1335 3103 raptarum
1365 3040 1461 3089 filii
1502 3047 1704 3093 uteren-

645 3102 768 3153 tur.'
826 3103 1326 3154 Posterioremhanc
1350 3104 1599 3158 rationem
1624 3116 1700 3159 at-

644 3167 801 3231 tingit
831 3174 887 3217 et
907 3168 1234 3232 Plutarchus,
1267 3169 1320 3218 in
1345 3172 1545 3223 Qnoest.
1570 3173 1700 3223 Cen·

646 3238 748 3282 tur.
771 3232 920 3282 Rom.
942 3239 996 3280 et
1018 3232 1142 3282 alias
1163 3234 1407 3299 quasdam
1444 3236 1702 3302 adjungit,

645 3310 740 3345 cur
758 3296 952 3346 bullam
1008 3305 1239 3350 estarent
1260 3300 1504 3350 nobilium
1526 3301 1634 3352 filii.

709 3360 970 3411 &mosacha
1067 3363 1364 3415 Succinctus
1402 3374 1576 3415 vestes
1616 3368 1703 3416 ha·

645 3424 904 3488 bentibus,
926 3441 1070 3477 more
1090 3429 1314 3480 militari.
1359 3432 1509 3480 Vett.
1531 3431 1703 3483 Gloss.

642 3490 660 3518 ‘
682 3488 886 3539 Gabino
907 3491 1089 3542 babitu
1123 3493 1399 3560 cinctuque
1422 3496 1514 3546 Dii
1535 3496 1703 3546 Pena-

646 3560 727 3604 tes
756 3552 1128 3617 formabantur‚
1149 3558 1382 3610 obvoluti
1404 3567 1527 3625 toga
1548 3576 1705 3626 super

641 3619 904 3670 humerum
925 3622 1203 3686 sinistrum,
1220 3624 1409 3674 dextro
1430 3625 1605 3675 nudo!

708 3685 904 3735 Donata
920 3688 1162 3751 pependit]
1192 3690 1396 3739 Bullam
1420 3691 1566 3739 simul
1585 3706 1701 3741 cum

682 3756 901 3802 retexes
936 3751 1151 3801 Laribus
1187 3756 1561 3805 consecrabant
1583 3755 1701 3804 ado-

786 3824 921 3885 ntes,
951 3831 1066 3868 cum
1101 3822 1274 3882 togam
1313 3819 1511 3871 virilem
1537 3834 1702 3870 sume-

1768 415 1915 468 rent;
1947 408 2078 462 sicut
2108 405 2294 471 puellm
2326 419 2489 469 pupas
2522 407 2712 459 Veneri
2734 407 2829 459 do·-

1768 489 1891 523 narc
1913 471 2106 521 solitae:
2142 468 2565 535 quemadmodum
2588 472 2702 536 jam
2734 474 2827 523 ob-

1770 535 1967 588 servavi
2007 536 2120 585 Sat.
2164 548 2227 584 n.
2270 542 2327 585 et
2364 534 2518 584 docet
2554 534 2710 587 Alex.
2758 537 2829 585 ab

1771 603 1922 653 Alex.
1940 614 1994 649 V.
2017 604 2116 653 18..

1901 667 2021 714 Cum
2041 664 2201 712 blandi
2220 660 2427 725 comtes]
2501 663 2621 712 Non
2647 664 2823 728 asperi

1771 731 2047 782 monitores
2088 727 2306 778 aderant
2364 727 2597 791 amplius,
2644 728 2824 791 quales

1768 791 2493 920 giis-tilingkaarqgmlossgggtougrm’
2524 790 2630 855 (μὴ’
2654 797 2827 841 mmm

1830 919 2042 982 Sabura]
2119 920 2221 970 Ubi
2263 920 2565 970 meretrices
2610 918 2835 968 diversa·

1766 984 1977 1048 bantur,
1996 986 2049 1033 in
2067 986 2276 1048 regione
2293 998 2383 1043 seu
2404 984 2517 1033 vico
2541 981 2722 1033 infami
2735 982 2829 1032 sub

1771 1049 1985 1113 antiqua
2005 1047 2156 1109 urbe,
2189 1047 2327 1096 unde
2354 1062 2542 1096 nomen
2566 1065 2579 1094 ε
2614 1046 2827 1097 vocaba-

1773 1121 1859 1226 ἱιιι·
1876 1112 2330 1227 etvsgmulioenigarn,
2350 1112 2510 1223 ¹quasi
2542 1111 2639 1224 ssub
2659 1111 2827 1161 maeni-

1811 1192 1892 1226 us.
1974 1191 2071 1225 ie·
2115 1190 2199 1226 uv.
2313 1208 2328 1224 .
2423 1211 2437 1224 .
2460 1190 2536 1225 vs.
2590 1210 2604 1224 .

1905 1239 2132 1303 Permisit
2234 1240 2373 1289 nisse
2407 1239 2581 1303 oculos]
2659 1242 2826 1292 Quan-

1777 1305 1842 1355 do
1864 1305 1966 1354 mei
1991 1303 2125 1368 juris
2150 1254 2348 1366 iectus,
2384 1304 2588 1353 nemine
2610 1304 2828 1368 jaurob-

1775 1376 2013 1419 servante
2032 1383 2115 1418 me
2137 1376 2228 1417 ant
2246 1369 2547 1433 castigante,
2561 1369 2719 1419 libere
2738 1383 2827 1432 po·

1777 1440 1943 1484 teram
1965 1434 2017 1483 in
2038 1432 2369 1484 meretricum
2391 1433 2639 1509 domicilia
2660 1434 2822 1507 respi-

1777 1505 2113 1614 ἳᾎῖἱιῧὲἓίἱ
2132 1498 2379 1612 ἷέἓίἷὲἷὲ
2394 1495 2817 1610 ἆξὲἑῗ·φ3ἔὲῒ

1778 1626 1944 1677 Andr.
1979 1626 2101 1677 Act.
2134 1642 2174 1677 1.
2212 1628 2367 1677 Scen.
2402 1631 2447 1674 1.
2497 1627 2512 1652 ‘
2537 1625 2831 1698 Postquam..

1777 1691 2000 1742 excessit
2038 1706 2105 1741 ex
2125 1692 2355 1756 ephebis,
2372 1689 2575 1740 liberius
2602 1686 2825 1737 vivendi

1769 1754 1880 1807 >fuit
1902 1762 2135 1821 potestas
2149 1763 2387 1806 z—antea
2407 1768 2545 1839 vero,
2558 1759 2702 1817 aetas,
2718 1765 2827 1801 me-

1779 1821 2239 1935 tusc’affigiigeambo?
2170 1820 2599 1949 prffhi'f'yr'ggitbus
2615 1880 2831 1931 dabatur

1778 1952 1989 2015 clypeus
2011 1965 2167 2015 purus
2188 1966 2281 2000 seu
2302 1963 2513 2010 vacuus,
2536 1948 2589 1996 id
2611 1952 2711 2009 est,
2723 1946 2834 1995 sine

1777 2005 2074 2080 insignibus,
2096 2022 2155 2064 ut
2175 2015 2247 2064 ibi
2277 2015 2316 2062 s’
2390 2013 2524 2062 anda
2543 2010 2712 2061 facere
2730 2025 2828 2059 mo-

1777 2087 2039 2130 nerentur.
2086 2080 2271 2143 Vin-gil.
2358 2094 2407 2127 n.
2434 2091 2511 2127 ix.
2576 2078 2591 2105 ‘
2608 2077 2743 2125 Ense
2761 2077 2825 2124 le·

1776 2146 1854 2194 vis
1891 2144 2047 2207 nudo,
2088 2157 2365 2209 parmaque
2400 2141 2646 2206 inglorius
2690 2139 2829 2216 alba!

1775 2208 1875 2258 Vel
1896 2209 2127 2273 intellige
2149 2214 2322 2272 togam
2344 2206 2545 2255 virilem
2566 2204 2823 2255 candidan

1778 2273 1831 2321 in
1869 2273 2101 2322 umbonis
2142 2270 2525 2320 similitudinem
2570 2277 2818 2333 aptatam:

1779 2338 1795 2363 ‘
1811 2334 2244 2397 synecdochicoes,'
2259 2333 2496 2398 inquiunt
2510 2341 2648 2384 vett.
2670 2334 2826 2383 Gloss-

1763 2398 1793 2456 ,‘
1813 2398 2037 2463 alioquin
2082 2406 2140 2451 et
2180 2398 2235 2447 in
2279 2405 2537 2462 pretextu
2590 2397 2828 2449 candidus

1781 2461 1938 2512 umbo
1972 2468 2080 2515 est.’
2142 2463 2229 2513 Sic
2252 2462 2494 2513 stlocum
2516 2464 2653 2514 hunc
2674 2461 2830 2527 expli·

1783 2534 1873 2578 cat
1892 2528 2030 2579 Just.
2066 2529 2127 2579 Li
2165 2544 2205 2578 s.
2228 2528 2458 2578 Elector.
2492 2543 2532 2578 1.
2556 2532 2638 2578 is.
2659 2527 2743 2577 nbi
2776 2533 2833 2575 et

1781 2602 1957 2643 monet
1969 2595 2131 2646 Tertu
2153 2595 2189 2643 l.
2213 2592 2279 2643 de
2309 2593 2496 2655 palli03
2546 2593 2674 2642 item
2692 2589 2832 2654 Apu-

1781 2657 1936 2707 leium
1958 2659 1992 2708 l.
2015 2673 2092 2709 xr.
2126 2660 2177 2707 iu
2214 2658 2353 2721 palla
2392 2658 2637 2707 umbones
2666 2669 2835 2719 agnos·

1784 2737 1923 2787 cere,
1937 2730 1992 2772 et
2012 2723 2276 2786 eleganter
2298 2722 2607 2773 describere.

1914 2788 2118 2851 Cumque
2134 2788 2229 2836 iter
2241 2787 2507 2851 ambiguum
2519 2787 2611 2850 est]
2667 2785 2839 2836 Quan-

1784 2850 1851 2901 do
1887 2865 2031 2901 mens
2070 2852 2411 2902 adolescentis
2446 2852 2610 2900 haeret
2640 2850 2841 2900 incerta

1785 2915 1906 2980 quid
1950 2916 2047 2967 sibi
2085 2916 2399 2982 potissimum
2443 2916 2695 2979 agendum
2732 2915 2840 2976 σίας

1781 2981 1955 3030 similis
1977 2981 2163 3032 viatori
2181 2982 2233 3031 in
2256 2980 2448 3030 bivium
2469 2979 2733 3041 incidenti,
2749 2980 2848 3055 qui

1780 3046 1933 3095 valde
1967 3052 2240 3112 torquetur
2262 3047 2460 3107 anxius,
2504 3051 2669 3094 utram
2705 3044 2838 3093 imre

1780 3110 1915 3159 viam
1940 3111 2145 3162 debeat.
2212 3110 2365 3162 Quod
2387 3115 2446 3158 et
2464 3109 2682 3160 Herculi
2702 3109 2841 3158 acci-

1781 3172 1919 3225 disse
1943 3174 2103 3226 refert
2122 3175 2232 3225 Cic.
2267 3171 2422 3224 Offic.
2456 3187 2494 3223 ι.
2519 3178 2634 3223 117.
2652 3187 2717 3223 ex
2736 3172 2844 3222 Xe-

1780 3240 2062 3304 nophonte,
2081 3238 2169 3304 qui
2205 3252 2375 3287 rursus
2396 3252 2463 3287 ex
2501 3237 2726 3287 Prodico
2754 3238 2845 3287 Sa-

1818 3304 1959 3353 iente
1980 3318 2088 3352 rem
2126 3307 2322 3363 narrat,
2358 3302 2395 3350 l.
2424 3316 2488 3351 ιι.
2514 3301 2578 3352 de
2603 3304 2749 3351 Fact-
2788 3309 2847 3351 et

1780 3318 1927 3417 bict.
1947 3368 2146 3417 Socrat.
2168 3366 2447 3417 memorab.
2469 3382 2573 3418 nou
2602 3367 2751 3431 longe
2776 3366 2845 3415 ab

1781 3431 1943 3481 initio.

1847 3497 1915 3545 Et
1946 3496 2059 3544 vitea
2087 3496 2266 3546 nescias
2296 3497 2449 3561 error]
2497 3498 2571 3546 Ut
2613 3495 2848 3545 Philoso-

1782 3560 1906 3625 phia
1939 3561 2183 3624 magistra
2219 3561 2339 3611 vitoe
2379 3571 2491 3622 θεῖς
2545 3561 2621 3611 ita
2650 3575 2718 3610 ex
2752 3560 2850 3610 sd„

1779 3639 1930 3675 verso
1951 3625 2240 3689 ignorantis
2262 3640 2452 3689 rerum,
2469 3624 2844 3688 cmv-denique

1779 3690 1989 3754 egregie
2012 3691 2193 3741 Persio
2223 3691 2416 3741 dicitnr
2437 3690 2548 3739 υἱέα
2569 3690 2765 3752 meins,
2789 3690 2847 3738 id

1779 3761 1883 3817 est,
1905 3770 2081 3805 eorum
2115 3771 2233 3822 quae
2273 3757 2564 3807 conducunt
2603 3754 2858 3804 ati-recto

1779 3818 2071 3871 vivendum.
2136 3821 2225 3871 Sic
2241 3821 2398 3887 igitur
2417 3818 2677 3884 imperitia
2692 3815 2843 3869 ducit
