2884 4917
628 79 899 150 Scilicet

925 82 1253 167 ingenium
1270 90 1338 149 et
1362 105 1575 149 rerum
1597 84 1942 168 prudentia
1967 81 2165 147 velox

556 233 563 253 ,
625 167 802 234 Ante
835 171 1011 255 pilos
1040 173 1259 236 venit:
1304 170 1584 235 dicenda
1614 169 2015 253 tacendaque
2042 168 2267 232 ealles.
2781 170 2832 232 5

625 254 800 338 Ergo

826 256 942 320 ubi
971 263 1295 322 commota
1313 256 1521 321 servet
1546 257 1893 340 plebecula
1919 256 2071 330 bile,

620 340 784 405 ‘Fert
809 343 1067 406 animus
1094 341 1331 407 calidae
1363 342 1601 406 fecisse
1631 343 1888 405 silentia
1915 342 2123 405 turbae

628 424 981 512 Majestate
1006 447 1261 494 manus.
1323 427 1508 506 Quid
1535 428 1768 492 deinde
1795 427 2056 509 loquere
2073 425 2103 486 ‘l
2181 420 2493 501 Quirites,

622 577 850 642 argutias
880 578 1067 642 querit
1089 578 1141 627 in
1161 594 1286 629 voce
1310 578 1511 639 Pericli,
1535 579 1677 643 quasi

1820 575 2006 627 Eecisse
2034 573 2263 637 silentia]
2305 572 2480 637 Virgil-
2525 572 2732 623 AEneid.
2784 590 2841 625 ι.

627 648 848 703 ponatur
879 658 974 707 pro
1012 645 1234 707 periculi.-
1269 652 1322 692 et
1355 644 1570 692 allusum
1610 645 1679 693 slt
1754 639 1869 690 ‘Ac
1911 639 2075 688 veluti
2130 652 2310 703 magno
2347 637 2396 686 in
2439 638 2627 701 populo
2682 652 2840 688 cum

621 704 878 834 ffinssxflo,
899 786 1047 836 quem
1073 778 1161 820 aut
1192 771 1431 819 occidere
1467 778 1671 833 oporte-

623 841 722 896 ret,
743 842 833 885 aut
863 842 1039 898 postea
1071 835 1308 883 tolerare.
1372 833 1476 881 Sed
1506 848 1669 895 apage

623 913 694 948 nu
733 914 805 947 as.

697 914 732 963 g
751 962 943 1011 Scilicet
978 958 1237 1022 ingemina]
1296 957 1503 1007 Ironice
1536 958 1667 1020 lime,

621 1032 681 1076 et
699 1024 982 1088 sequentia.

680 1086 946 1150 [qaum]
988 1085 1274 1149 Sapientia,
1295 1086 1483 1150 judicii
1505 1094 1671 1136 matu·

616 1151 769 1205 ritas:
820 1150 948 1199 item
990 1158 1130 1200 artes
1171 1156 1228 1199 et
1271 1151 1521 1200 scientiae.
1587 1152 1674 1200 Ita

616 1214 962 1264 Casaubonns.

702 1280 884 1328 Rerum
950 1278 1228 1344 prudentia]
1313 1279 1673 1343 Experieutia,

617 1357 756 1394 usus.

702 1408 852 1458 Velox
919 1408 1256 1470 Proematnra,
1296 1413 1417 1457 ante
1451 1414 1675 1471 tempus,

617 1478 740 1523 ante
781 1487 849 1536 pu
921 1479 1140 1533 rtatem;
1183 1488 1298 1538 quae
1343 1473 1479 1535 apud
1510 1472 1673 1522 Athe·

619 1537 822 1588 aienses
839 1539 1135 1587 sumebatur
1164 1537 1247 1603 (ut
1270 1536 1436 1596 aiunt)
1451 1536 1518 1586 ab
1538 1551 1671 1586 anno

621 1603 791 1653 atatis
814 1602 1014 1651 decimo
1036 1609 1234 1652 octavo.
1268 1602 1573 1650 Philostrat.

764 1667 893 1716 Ante
921 1666 1063 1730 pilos]
1100 1666 1337 1730 Adeptus
1381 1674 1462 1714 est
1501 1666 1670 1728 Impe-

618 1729 747 1779 rium
780 1730 923 1778 Nero
944 1739 1066 1780 ante
1107 1745 1290 1779 annum
1330 1730 1502 1780 aetatis
1534 1729 1674 1779 deci-

615 1808 753 1843 mum
775 1794 1064 1857 septimum.
1095 1794 1309 1845 S'ueton.
1334 1796 1531 1845 Neron.
1554 1809 1670 1858 cap.

618 1861 668 1907 8.
717 1858 921 1908 Comei.
959 1859 1122 1908 Tacit.
1173 1859 1358 1910 Annal.
1402 1860 1495 1908 lib.
1543 1873 1670 1909 xm.

615 1920 799 1972 initio:
824 1923 912 1973 ubi
946 1931 1003 1973 et
1043 1930 1253 1973 notatur
1287 1924 1431 1989 quasi
1465 1923 1675 1974 vixdum

617 1989 894 2050 pueritiam
915 2002 1170 2053 egressus.

685 2052 905 2103 Dicenda
931 2055 1214 2117 tuendaque
1243 2054 1405 2117 calles]
1471 2054 1677 2116 Ergone

619 2124 773 2177 putas
805 2117 998 2167 habere
1037 2125 1089 2167 te
1127 2125 1184 2166 et
1217 2116 1407 2165 callere
1442 2131 1525 2177 ea,
1559 2132 1675 2180 qum

615 2179 703 2229 vix
721 2181 962 2231 diuturno
983 2194 1152 2230 rerum
1186 2194 1277 2228 usu
1306 2180 1493 2229 doctus
1517 2195 1675 2230 senex

616 2242 848 2293 habetet
882 2246 1067 2294 callet?
1127 2245 1284 2292 Certe
1308 2250 1367 2291 ut
1398 2244 1585 2292 callum
1622 2245 1673 2293 ia

617 2320 854 2369 corpore,
876 2308 951 2356 ita
967 2309 1019 2355 iu
1041 2308 1209 2354 animo
1229 2306 1553 2368 prudentiam
1569 2322 1671 2355 non

556 2379 562 2398 ·
613 2370 755 2480 giu-it
809 2370 903 2417 nisi
947 2370 1151 2431 longum
1213 2374 1433 2429 tempus.
1515 2369 1672 2419 ovid.

677 2437 831 2480 etam.
878 2445 952 2481 vr.
1011 2434 1027 2459 ‘
1051 2432 1191 2481 seris
1232 2431 1376 2480 veuit
1432 2445 1554 2481 usus
1607 2434 1675 2483 ab

616 2494 805 2550 annis?
844 2494 916 2546 Et
936 2495 1058 2546 alibi
1090 2497 1282 2546 Nestor
1314 2496 1391 2545 ita
1411 2497 1672 2561 loquitur:

615 2561 864 2677 :lligenim
904 2561 1026 2612 milii
1057 2562 1223 2612 multa
1245 2567 1488 2611 ,vetustas
1525 2563 1672 2614 Scire

655 2641 687 2677 e
725 2628 785 2676 it.

748 2693 881 2755 Ergo
897 2691 977 2743 abi
996 2697 1238 2754 mmet«,
1256 2688 1374 2755 ξω]
1418 2692 1673 2743 Quoniam

618 2764 678 2807 tu
704 2757 803 2808 tibi
843 2764 1043 2809 tantum
1065 2772 1292 2820 arrogaS,
1327 2763 1383 2805 et
1427 2758 1598 2806 omnia
1621 2765 1673 2807 te

618 2837 771 2885 posse
813 2822 1046 2885 confidis,
1101 2822 1386 2884 periculum
1419 2817 1673 2869 faciamus

619 2894 722 2935 tuae
743 2888 984 2936 solertiae.

683 2951 930 2997 Commota
958 2948 1120 3005 semet
1156 2946 1389 3008 plebecula
1431 2943 1545 3005 bile]
1611 2946 1672 2996 In

619 3011 927 3061 seditionem
949 3024 1115 3069 versa,
1135 3016 1190 3056 et
1212 3008 1388 3056 turbas
1403 3008 1673 3062 miscente.

749 3074 868 3123 Fert
887 3070 1095 3134 animia-s]
1128 3070 1325 3133 Audes,
1345 3078 1402 3120 et
1422 3081 1672 3135 praestare

619 3146 672 3187 te
697 3150 849 3201 posse
871 3150 971 3185 non
994 3132 1220 3199 dubitas,
1243 3149 1352 3199 prae
1375 3151 1562 3201 magna
1597 3140 1671 3189 tui

615 3202 824 3252 fiducia.
906 3200 1201 3249 Ammianus
1256 3200 1346 3250 lib.
1392 3214 1551 3252 xxvr.
1600 3204 1673 3253 sic

616 3267 805 3316 habet:
840 3266 856 3293 ‘
882 3264 1180 3315 Immaniter
1218 3271 1486 3329 strepente
1527 3282 1675 3317 exer·

615 3330 741 3391 citu,
778 3344 894 3379 cum
934 3328 1058 3377 cieri
1100 3331 1349 3379 tumultus
1397 3332 1674 3381 violentior

616 3399 914 3457 appareret,
942 3394 1354 3456 Valentinianus,
1387 3396 1526 3455 elata
1559 3411 1674 3461 pro·

570 3485 581 3494 ν
617 3472 767 3520 spere
788 3457 994 3518 dextra,
1010 3467 1069 3508 ut
1085 3458 1336 3524 Princeps
1357 3458 1547 3510 fiducia
1565 3462 1672 3524 ple·

615 3536 730 3582 nus,
749 3536 901 3572 ausus
922 3522 1191 3586 increpare
1221 3523 1469 3590 quosdam
1499 3533 1556 3575 ut
1591 3540 1668 3574 se-

614 3586 828 3636 ditiosos
847 3593 902 3638 et
922 3587 1234 3651 pertinaces,
1267 3589 1497 3654 cogitata
1520 3588 1668 3640 nullis

612 3650 1061 3715 interpellantibus
1078 3653 1414 3704 absolvebat.'

681 3716 864 3793 Calida
898 3716 1075 3781 larba]
1133 3718 1402 3784 Sievienti,
1433 3718 1672 3773 efferves-

616 3782 760 3833 centi
779 3797 834 3833 m
855 3781 1003 3835 iram.
1434 3836 1442 3845 ,

827 707 929 756 uod
949 706 1244 757 Alcibiades
1262 714 1587 770 comparatus
1608 709 1679 757 sit

1757 720 1894 770 saepe
1924 710 2106 753 coorta
2128 711 2210 752 est
2248 700 2650 753 Seditio.—Tum
2694 702 2837 765 pie·

1755 777 1863 819 tate
1883 782 2088 831 gravem
2109 782 2172 816 ac
2204 767 2403 817 meritis
2424 767 2467 815 si
2485 765 2622 816 sorte
2639 765 2833 816 virum

1751 849 1903 896 quem
1954 834 2306 895 Conspexere,
2340 830 2531 889 silent,'
2567 833 2666 881 διο.
2737 831 2833 881 At

1746 911 1870 945 vero
1894 911 2047 960 quam
2083 895 2456 945 auctoritatem·
2484 895 2694 944 habebit
2717 895 2833 943 im·

1746 958 1924 1009 herbis
1948 960 2246 1009 adolescens
2273 959 2340 1008 ad
2372 959 2829 1023 comprimendum

1750 1024 2175 1074 tumultuantium
2190 1023 2445 1073 furorem?

1882 1089 2141 1148 Maiestate
2183 1087 2371 1151 mnus]
2433 1088 2628 1138 valer..
2669 1089 2825 1139 Max.

1733 1147 1843 1202 lib.
1877 1164 1942 1200 ιι.
1978 1152 2155 1215 capite
2188 1153 2388 1209 ultimo,
2422 1154 2437 1180 ‘
2462 1154 2593 1216 Est,'
2623 1153 2823 1217 inquit,

1748 1217 1763 1242 ‘
1788 1216 1878 1264 illa
1902 1216 2045 1279 quasi
2079 1216 2285 1293 privata
2315 1232 2548 1278 censura,
2567 1218 2820 1280 majestas

1750 1279 2006 1329 clarorum
2045 1295 2286 1341 virorum,
2329 1283 2437 1331 sine
2476 1282 2822 1331 tribunalium

1754 1342 1981 1407 fastigio,
1996 1346 2107 1395 sine
2128 1346 2476 1408 apparitorum
2498 1346 2823 1406 ministerio,

1752 1409 2006 1471 potensin
2023 1424 2117 1459 sua
2136 1409 2469 1472 amplitudine
2502 1409 2823 1459 obtinenda.

1752 1473 1917 1523 Grato
1939 1472 2070 1522 enim
2102 1480 2156 1520 et
2190 1471 2421 1535 jucundo
2452 1473 2666 1520 introitu
2698 1475 2826 1523 ani-

1749 1536 1844 1585 mis
1886 1537 2139 1585 hominum
2180 1535 2408 1584 illabitur
2444 1534 2812 1586 admirationis

1751 1607 2002 1663 praetextu
2046 1600 2250 1648 velata:
2309 1613 2456 1663 quam
2494 1606 2637 1648 recte
2677 1600 2810 1663 quis

1749 1664 1940 1714 dixerit
1974 1665 2178 1728 longum
2210 1671 2267 1713 et
2306 1663 2521 1712 beatum·
2548 1664 2819 1714 honorem

1748 1730 1860 1779 sine
1900 1728 2124 1779 honore.’
2191 1726 2348 1778 Ovid.
2389 1728 2603 1776 Metam.
2648 1742 2691 1777 ι.
2739 1728 2819 1779 de

1750 1794 1915 1845 Jove:
1950 1797 1965 1821 ‘
1988 1793 2090 1845 Qui
2146 1799 2415 1856 postquam
2454 1807 2599 1853 voce,
2634 1807 2821 1843 mann-

1750 1873 1867 1923 que,
1919 1859 2186 1908 Murmura
2228 1856 2549 1921 compressit,
2590 1865 2811 1908 tenuere

1754 1921 2185 1973 silentiacuncti!
2268 1923 2500 1971 Lucanus
2536 1921 2629 1971 lib.
2670 1936 2710 1972 1.
2743 1922 2813 1972 de

1750 1989 1891 2038 Julio
1916 1990 2124 2038 Caesare
2148 2003 2163 2035 z
2200 1988 2215 2014 ‘
2234 1987 2533 2035 Tunmitum
2583 1988 2805 2050 Compo-

1752 2053 1855 2101 suit
1874 2051 2354 2115 vultu,'dextraque
2378 2050 2584 2099 silentia
2613 2051 2808 2114 jussit.’

1755 2114 1877 2165 Act.
1902 2115 2085 2180 Apost.
2107 2130 2222 2180 cap.
2239 2119 2321 2165 1⁸.
2341 2117 2357 2142 ‘
2381 2116 2608 2179 Surgens
2633 2123 2802 2165 autem

1754 2181 1968 2242 Paulus,
1989 2187 2045 2229 et
2077 2194 2229 2229 manu
2254 2179 2516 2229 silentium
2540 2179 2801 2239 indicens‚'.

1753 2249 1851 2293 ἃς.
1916 2244 2018 2293 Ubi
2042 2243 2417 2291 observandum
2438 2259 2554 2292 cum
2568 2243 2800 2292 doctiori-

1752 2308 1865 2368 bus,
1886 2320 2080 2355 morem
2119 2306 2261 2354 illum
2294 2304 2454 2355 fuisse
2495 2306 2687 2372 pridem
2722 2307 2800 2355 in·

1751 2369 1958 2422 dicendi
1998 2369 2210 2432 silentii,
2260 2378 2476 2420 extensa
2506 2372 2707 2436 quidem
2748 2377 2807 2421 et

1753 2441 1999 2497 porrecta
2029 2448 2183 2483 mann
2204 2450 2218 2493 3
2241 2433 2334 2484 sed
2355 2434 2435 2484 ita
2455 2445 2512 2485 nt
2534 2436 2804 2499 inferiores

1754 2497 1855 2548 duo
1895 2498 2067 2564 digiti,
2112 2499 2342 2549 medicus
2402 2507 2454 2549 et
2492 2500 2811 2562 auricularis,

1754 2564 2236 2628 comprimerentur,
2279 2564 2461 2614 erectis
2496 2571 2550 2611 et
2572 2564 2809 2612 eminen-

1756 2628 1896 2679 tibus
1921 2630 2082 2679 tribus
2121 2630 2254 2691 aliis,
2291 2627 2493 2693 pollice,
2527 2627 2719 2687 indice,
2742 2635 2805 2679 et

1754 2693 1939 2742 medio.
2006 2691 2160 2743 Quod
2177 2694 2344 2770 ipsum
2365 2690 2472 2741 fieri
2494 2699 2802 2742 consuetum

1751 2757 1817 2807 ab
1857 2756 2128 2821 Episcopis
2151 2758 2291 2820 olim,
2316 2756 2688 2822 alloquentibus
2716 2772 2806 2821 po·

1750 2822 1897 2884 pulos
1920 2836 1980 2871 ac
2016 2820 2459 2884 benedicentibus,
2494 2829 2641 2871 notat
2671 2823 2797 2871 Sca·

1752 2885 1883 2950 liger
1921 2886 1976 2934 in
2010 2887 2355 2951 Propertium.
2419 2887 2637 2935 Sanctus
2676 2886 2799 2935 flie-

1753 2964 1991 3014 ronymus
2045 2949 2110 2999 ad
2176 2950 2441 3001 Rusticum
2493 2951 2798 3000 Monachum

1737 3012 1906 3064 ‚affert
1929 3014 2079 3064 aliam
2097 3030 2297 3080 quoque
2320 3013 2802 3065 audientiae'facien·

1755 3077 1835 3127 dae·
1866 3079 2132 3139 rationem,
2152 3078 2379 3128 nimirum
2402 3091 2592 3129 concre
2632 3080 2798 3129 atione

1753 3144 1967 3192 duorum
2005 3141 2295 3205 digitorum.
2342 3143 2358 3170 ‘
2387 3140 2519 3191 Cum
2559 3145 2595 3193 li
2636 3153 2797 3193 rorum

1754 3213 1945 3257 struem
1967 3203 2317 3269 exposuisset,'
2339 3204 2527 3270 inquit,
2544 3211 2561 3236 ‘
2582 3209 2801 3258 adducto

1750 3270 2037 3335 supercilio,
2055 3270 2333 3319 contractis
2346 3272 2573 3335 naribus,
2588 3288 2648 3323 ac
2669 3272 2801 3321 fron·

1753 3341 1806 3384 te
1840 3340 2040 3396 rugata,
2063 3333 2262 3384 duobus
2280 3334 2512 3400 digitulis
2529 3352 2801 3400 concrepa·

1750 3398 1855 3459 bat,
1890 3399 1987 3445 hoc
2023 3397 2171 3460 signo
2206 3399 2271 3448 ad
2313 3400 2623 3453 audiendum
2660 3402 2803 3452 «lisci-

1750 3461 1894 3526 pulos
1919 3464 2233 3525 provocans.’

1816 3526 1946 3581 Quid
1966 3527 2132 3577 deinde
2152 3528 2366 3594 lquere]
2423 3530 2493 3579 Et
2531 3531 2574 3580 si
2595 3530 2798 3582 audien·

1748 3591 1872 3640 tiam
1900 3591 1998 3641 tibi
2019 3591 2203 3643 feceris
2235 3594 2564 3658 imperatorio
2598 3596 2795 3646 nomine

1745 3670 1807 3705 ac
1828 3656 1992 3722 vultu,
2019 3665 2073 3708 et
2096 3658 2370 3723 majestate
2393 3674 2589 3723 manus,
2618 3669 2676 3711 ut
2708 3659 2799 3709 tibi

1748 3721 1956 3786 largior,
1982 3723 2096 3787 jam
2132 3724 2459 3788 experiamur
2475 3739 2625 3789 quam
2647 3725 2799 3774 orati·

1749 3801 1899 3839 onem
1931 3792 1987 3838 et
2008 3801 2161 3853 quam
2193 3789 2429 3840 idoneam
2452 3789 2797 3860 pacandam·
