2884 4917
143 447 157 464 κ
262 406 304 471 ta
631 419 666 466 o.
688 418 793 466 sunu
815 415 1024 466 invinius

262 562 540 645 Qualementuque
553 565 673 645 potest,
689 564 807 646 quales
820 582 893 645 ego,
909 561 960 624 vel
975 555 1166 622 Cluvienus.

300 647 355 712 Ex
368 667 435 730 quo
450 646 635 714 Deucalion
646 650 768 716 nimbis
781 646 964 715 tollentibus
978 660 1092 724 aequor

260 733 407 816 Navigio
422 737 569 799 montem
581 737 740 813 ascendit,
754 737 919 809 sortesque
932 727 1098 810 poposcit,

259 821 491 904 Paulatimque
507 823 620 889 anime
631 822 795 887 caluerunt
806 814 919 878 mollia
931 832 1028 890 saxa,

260 906 305 972 Et
317 906 465 971 maribus
477 910 586 974 nudas
600 904 736 970 ostendit
751 900 876 982 Pyrrho
889 898 1039 980 puellas:

261 992 432 1077 Quicquid
446 1001 547 1079 agunt
559 991 715 1063 homines,
731 992 862 1060 votum,
871 984 978 1059 timor,
993 984 1055 1061 ira,
1070 985 1235 1069 voluptas,

261 1079 406 1159 Gaudio,
422 1081 597 1151 discursus,
612 1074 712 1137 nostri
726 1075 776 1132 est
788 1070 915 1150 farrago
929 1069 1044 1134 libelli.

261 1165 306 1231 Et
320 1168 449 1252 quando
464 1162 593 1224 uberior
608 1159 759 1220 vitiorum
773 1156 892 1237 copial
916 1156 1046 1237 quando

262 1252 376 1340 Major
390 1247 538 1312 avaritiae
551 1244 657 1324 patuit
671 1242 788 1303 sinusl
812 1240 884 1303 alea
898 1241 1030 1322 quaudo
1309 1246 1354 1310 80

261 1338 337 1406 Hos
351 1332 499 1400 animost
523 1328 640 1410 Neque
653 1328 740 1390 euim
752 1326 872 1390 loculis
885 1327 1117 1394 comitantibus
1130 1331 1193 1395 itur

582 1491 588 1501 ⁶
921 1490 930 1517 t
971 1490 976 1502 ¹
1189 1493 1195 1504 ·
1349 1494 1356 1514 s

258 1493 704 1628 „notitittttittttttt
724 1491 782 1603 iii
822 1492 1353 1619 ttoni-'ttuuttitt„itit

258 1624 321 1678 rude
333 1623 392 1682 quid
404 1622 484 1686 prosit
494 1617 724 1680 videniugeunun?
824 1632 916 1681 sponsu
939 1619 1034 1683 dabat,'
1057 1621 1140 1685 iuquit
1161 1623 1243 1672 Vetus
1265 1623 1353 1672 sebui.

321 1687 408 1742 Quales
427 1685 481 1749 ego]
513 1683 628 1732 Advorte
650 1683 784 1734 luvenalis
824 1685 952 1733 oraculum
970 1686 1169 1751 consuluitque
1184 1693 1262 1750 pacto
1280 1700 1355 1749 repa·

257 1751 416 1811 modestiam,
425 1752 469 1814 qui
479 1755 612 1812 comparat
622 1762 649 1796 se
658 1748 714 1812 ipse
725 1762 783 1797 cutu
824 1748 875 1796 rari
895 1763 975 1811 genus
986 1751 1122 1800 buruauuru
1142 1758 1238 1814 posset.
1272 1750 1353 1801 otiu.

256 1816 353 1865 insulso
365 1813 456 1865 P'o'e'tu.
822 1814 830 1846 ⁶
843 1813 904 1875 Dic,
922 1814 1023 1876 Themi,
1042 1830 1094 1879 qus
1114 1817 1214 1879 generis
1231 1816 1353 1865 damnum

182 1913 185 1922 .
285 1881 425 1956 clanim]
452 1877 528 1927 Hunc
542 1878 658 1952 ineptum
677 1876 782 1926 Versiti·
823 1878 967 1941 reparabile
977 1880 1057 1940 nos-tri
1068 1879 1135 1929 Arte
1147 1880 1197 1943 sit‚'
1208 1884 1256 1930 dic.

257 1953 371 1995 catorem
381 1959 419 1993 stu
430 1942 515 1990 saeculi
524 1951 613 2007 carpit,
621 1943 783 2006 queruadmo·
887 1942 1271 2007 Arimocntroersntnoltiusuxs]
1304 1945 1354 1994 Itu·

257 2010 319 2060 duur
333 2009 423 2073 virgil.
440 2007 466 2054 iu
479 2007 570 2055 Bucol.
587 2008 661 2058 ‘Qui
674 2008 782 2056 Bavium
823 2005 898 2069 pides
909 2007 1013 2056 animati
1032 2009 1126 2056 sensim
1146 2016 1174 2056 et
1192 2011 1306 2058 calorem
1317 2009 1355 2057 vi·

256 2089 308 2125 nou
320 2076 384 2136 odit,
396 2078 462 2123 emet
473 2072 650 2133 tuscarmina,
662 2072 759 2121 Moeri!
823 2072 901 2119 talem
920 2072 1096 2134 concipientes
1116 2080 1176 2121 suut
1194 2073 1221 2122 iu
1237 2073 1353 2123 homines

321 2136 567 2201 EsqsoDeutub'on]
594 2137 788 2187 luvdesceutie
824 2134 1009 2185 transformati.
1280 2168 1283 2177 ·

257 2202 349 2268 passim
370 2199 490 2248 adilurii
510 2208 627 2264 tempore
638 2201 711 2265 vitis,
723 2208 784 2250 sunt
889 2200 924 2248 st
941 2201 1045 2249 moritu
1060 2202 1136 2250 sedas
1145 2203 1249 2251 onesdit
1258 2202 1356 2265 Pyrrho

256 2264 365 2317 materia
376 2264 456 2312 nostri
466 2264 608 2314 Satirarum
620 2266 686 2314 libri.
822 2264 923 2328 witus]
956 2266 979 2313 F.
998 2266 1127 2329 lapidibus
1147 2282 1162 2314 a
1180 2281 1208 2316 se
1227 2265 1355 2329 projectis

288 2328 430 2390 Deucalion]
446 2328 586 2379 'meddin
599 2330 722 2394 ilex,sub
733 2346 784 2395 qno
825 2330 921 2394 Pyrrltu
940 2329 1055 2378 seruiunt
1072 2332 1187 2379 ostendit
1205 2329 1292 2376 subito
1303 2326 1356 2375 for-

258 2394 351 2445 dicitur
368 2394 507 2456 contigisse
522 2393 653 2444 diluvium.
687 2395 785 2446 Fabula
824 2404 917 2450 matus,
928 2394 1036 2452 ideoque
1047 2395 1149 2448 uudss3
1173 2393 1242 2438 sient
1258 2392 1284 2437 in
1302 2403 1356 2438 uru-

257 2459 333 2523 lippis
350 2456 411 2518 ipsis
424 2466 460 2522 εἰ
478 2461 623 2509 tonsoribus
634 2474 685 2506 nou
697 2461 784 2518 incog·
825 2468 867 2500 res
878 2452 1024 2501 evadebant
1043 2465 1105 2500 saxa
1115 2467 1131 2501 a
1143 2452 1303 2500 Deucalione
1315 2466 1355 2499 re-

256 2525 325 2575 nita:
343 2522 444 2584 egregie
456 2538 516 2569 van
527 2529 631 2570 narrata
642 2516 720 2568 ovid.
732 2520 788 2567 ble-
827 2523 867 2564 tro
873 2516 985 2578 jactata.

260 2589 382 2648 tamorptt.
403 2598 421 2632 ι.
454 2584 571 2634 lustinus
594 2584 637 2630 lib.
657 2587 682 2631 s.
705 2581 785 2630 ‘Am·
858 2578 967 2642 Ργηὴιι]
984 2577 1151 2628 Deucalionis
1162 2592 1235 2627 uxor.
1260 2577 1355 2630 Horat.

257 2649 401 2718 pbyetionis
427 2646 602 2711 temporibus,'
623 2646 715 2710 iuquit,
738 2647 746 2673 ⁶
759 2660 785 2694 a·
826 2642 883 2692 Lib.
896 2658 916 2692 1.
929 2642 982 2693 Od.
993 2649 1017 2694 2.
1028 2646 1036 2671 ‘
1049 2644 1157 2692 Terruit
1168 2649 1268 2706 gentes,
1277 2657 1356 2708 grave

275 2728 362 2764 iturum
373 2711 474 2761 illuvies
491 2712 614 2774 majorem
631 2711 784 2774 populorum
824 2722 857 2756 ne
884 2707 982 2757 rediret
1003 2709 1132 2758 Saeeuluru
1153 2706 1261 2770 Pyrrhe
1289 2723 1357 2758 uera

287 2778 369 2827 raeciae
399 2783 500 2839 purtem
526 2776 657 2824 absumsit.
690 2776 785 2838 Super·
824 2773 1067 2836 monstraquestae!

258 2843 370 2901 fuerunt,
389 2855 451 2903 quos
468 2839 703 2904 refugtsmonunm
715 2854 786 2888 rece·
890 2837 1007 2900 Quicquid
1014 2837 1210 2950 mntbominepl]
1228 2838 1356 2888 Malesci-

292 2912 361 2963 ruut‚
372 2913 416 2953 nirt
428 2905 472 2968 qui
483 2905 515 2952 ud
535 2907 632 2969 Regem
649 2905 785 2953 Thessaliae
825 2902 896 2960 licet,
907 2910 936 2950 et
945 2916 978 2950 ex
990 2904 1074 2965 pravis
1085 2901 1187 2951 animia
1207 2902 1316 2952 cetibus.

286 2970 442 3019 enculiouem
455 2969 553 3017 ratibus
565 2970 649 3019 evecti
665 2979 744 3018 suut:
770 2983 786 3016 a
861 2966 957 3029 Votum]
980 2966 1101 3017 Habendi
1113 2966 1248 3029 cupiditas.

258 3041 466 3148 iiiiii?
485 3034 786 3148 botuuini·
826 3030 1187 3162 qllbimtiii‘“⁸'²f⁶‘]
1204 3030 1355 3082 ΜΝ·

259 3165 345 3213 culum
356 3163 445 3212 mnndi
455 3163 605 3227 vigesimum
616 3170 733 3213 sextum:
759 3169 787 3211 at
890 3160 1029 3225 Discursus]
1069 3160 1356 3211 Velbouiinurniueon-

259 3226 330 3278 aunis
342 3235 402 3276 autc
418 3227 482 3274 illud
501 3226 557 3275 iere
576 3229 699 3276 trecentis
716 3227 786 3275 alind
827 3225 948 3274 stantiam
968 3227 1054 3288 ammi,
1071 3227 1113 3276 vel
1130 3242 1205 3275 casus
1216 3226 1356 3274 rsriosno-

258 3291 306 3340 i'oit
326 3293 379 3339 sub¹
385 3293 479 3353 Ogyge
489 3292 664 3340 Thebanorum
678 3306 740 3354 rege
751 3292 789 3339 di·
828 3297 883 3351 tat3
906 3291 958 3339 imo
967 3299 995 3339 et
1011 3290 1113 3340 labores
1123 3290 1156 3340 ad
1167 3305 1230 3354 opes
1241 3298 1286 3338 aut
1300 3290 1355 3354 dig·

259 3355 353 3404 invium
364 3354 640 3416 majusDeucalioneo.
684 3357 787 3418 S.Asg.
826 3354 920 3405 nitates
933 3357 1068 3418 parandus.
1349 3385 1351 3390 f

261 3419 415 3469 deCioitste.
860 3420 981 3484 Farrago]
1003 3422 1051 3469 Est
1062 3420 1166 3484 proprie
1177 3419 1244 3484 qued
1255 3430 1287 3464 ex
1299 3416 1356 3479 plu·

292 3482 628 3560 Ntntnnonotooeqsor]
663 3486 787 3547 Autenti·
827 3483 896 3534 ribus
914 3485 976 3533 satis
994 3485 1101 3533 mixtum
1121 3483 1209 3547 pabuli
1225 3494 1302 3529 causa
1313 3479 1355 3541 jn-

260 3549 307 3598 bus
319 3562 389 3595 mare
401 3549 541 3610 repentinis
551 3549 685 3599 imbribus.
710 3550 788 3600 Unde
827 3549 1015 3598 mentisdstur.
1050 3551 1151 3597 Festus.

260 3619 301 3661 est
312 3610 451 3662 decantata
461 3613 505 3661 illa
516 3628 638 3676 aquarum
650 3616 675 3663 iu
685 3616 788 3670 (nucia
891 3613 974 3675 Sirius]
999 3608 1270 3672 Laxitns,arnplitudo‚
1279 3607 1357 3657 licen·

261 3676 361 3726 elusio:
392 3677 424 3724 tle
447 3692 497 3741 qua
518 3678 609 3727 Poe'tae
636 3679 739 3743 quidem
761 3680 787 3728 id
828 3677 873 3726 tis.
916 3678 1063 3740 Metapbor.
1089 3691 1105 3725 a
1127 3675 1198 3732 vetis,
1219 3687 1277 3737 quse
1299 3674 1357 3722 sinu

260 3755 335 3790 omne
344 3739 452 3790 fabulati
465 3747 533 3805 suut,
541 3743 609 3806 quod
619 3742 651 3792 ds
663 3759 723 3793 vers
733 3745 789 3792 nui·
828 3742 903 3791 ruodo
921 3741 1039 3803 ampliori
1056 3738 1131 3788 ruodo
1144 3745 1278 3786 contracto
1296 3753 1357 3787 ven·

261 3806 328 3854 uersi
347 3805 416 3856 orbis
432 3807 599 3872 iuuudptioue
618 3822 633 3855 a
650 3808 725 3858 Mose
744 3808 788 3857 de·
829 3815 884 3854 tum
894 3806 1036 3868 excipiunt,
1048 3811 1077 3852 ut
1088 3801 1266 3866 navigantibus
1277 3804 1358 3853 libue-

260 3869 358 3934 scripta
368 3871 409 3921 rel
420 3872 537 3936 legerunt
548 3872 590 3920 vel
601 3872 744 3922 audierant.
829 3871 864 3919 rit
875 3877 903 3920 et
913 3869 1072 3918 commodum
1083 3867 1172 3917 t‘uerit.

326 3935 657 4001 Nwigicmontestuscesdit]
679 3938 789 3985 Parnes·
860 3935 931 3997 Ater]
958 3932 1063 3982 Persius
1074 3932 1152 3981 Satir.
1165 3947 1189 3981 v.
1201 3937 1241 3981 st.
1258 3931 1356 3979 ‘Hune

262 4013 317 4047 suru
339 4000 448 4060 scilicet,
467 4007 497 4048 ut
517 4000 555 4050 ait
574 4002 684 4078 Ouidius
704 4001 788 4050 Meta·
829 3999 885 4047 ulea
904 3994 1044 4062 decoquit!
1084 3996 1151 4046 Vide
1171 4013 1228 4063 quas
1247 4009 1292 4044 uos
1309 3993 1356 4041 ibi·

260 4062 534 4192 tibitibi
547 4065 790 4193 ‘diditus
829 4062 1209 4191 “muscetanum
1230 4119 1354 4183 stunt.

263 4192 328 4242 Cum
339 4206 426 4267 consor
431 4200 458 4241 te
469 4192 535 4242 thori
546 4208 624 4258 puros
632 4201 688 4244 rate
696 4201 788 4244 vectus
829 4190 930 4241 modica
941 4194 1051 4266 perone
1064 4192 1171 4244 fortuitu
1182 4187 1242 4238 iudo
1250 4186 1355 4260 exponi-

263 4256 389 4308 adbaestt.'
829 4263 881 4317 tur,
891 4255 938 4305 sed
949 4271 1046 4326 ingens,
1057 4265 1085 4312 et
1101 4263 1185 4308 totum
1204 4249 1259 4301 feto
1275 4255 1357 4314 pom-

294 4321 418 4387 Sortssqsr
432 4323 547 4388 poposcit]
580 4324 675 4376 Horat.
692 4321 726 4373 sd
745 4322 788 4373 Pi·
828 4320 948 4373 monium.
