2884 4917
487 921 497 934 ‘
574 911 753 960 tudine
794 911 987 973 thynni.

612 976 863 1023 uiudecim
889 970 1207 1034 pependisse.
1244 966 1484 1030 Ejusdem
1508 980 1627 1015 cau·
1703 967 1821 1025 bns,
1858 974 1914 1015 et
1943 967 2176 1015 sutilibus
2215 970 2486 1030 portentis.

576 71 806 137 Gauda
834 35 1015 134 natat
1040 69 1289 152 thynni,
1313 74 1519 133 tumet
1545 67 1701 133 alba
1725 67 1947 133 fidelia
1972 70 2127 133 vino
2150 90 2168 148 3

575 158 794 223 Labra
816 176 1043 222 moves
1071 156 1339 233 tacituS,
1364 157 1767 239 recutitaque
1793 156 2068 219 sabbata
2094 154 2328 237 palles,

570 244 766 312 Tunc
793 244 958 325 nigri
984 243 1280 319 lemureS,
1300 261 1563 331 ovoque
1590 243 1885 326 pericula
1908 247 2138 325 rupto:

574 394 789 459 pulvere
814 391 1038 442 testam.'

640 459 872 521 Amplexa
903 459 1109 507 catinam
1135 458 1283 505 cauda
1319 456 1481 520 natat]
1546 456 1630 505 In-

576 531 785 586 gentem
819 522 1043 571 catinum
1064 523 1281 585 implens
1306 522 1490 585 thynni
1511 534 1630 571 cau·

575 588 645 637 da
666 588 717 637 in
741 587 861 651 jure
881 587 1171 636 conditorio
1193 595 1357 647 natat,
1378 586 1632 651 epulanti-

577 652 671 702 bus
689 652 908 712 suda-is,
922 658 976 701 et
994 651 1155 701 festos
1177 651 1286 699 dies
1309 651 1597 715 agentibus.

711 718 875 766 Caada
895 716 1088 781 thynni]
1190 716 1353 765 Piscis
1375 726 1543 774 notus,
1562 715 1629 763 de

575 796 676 846 quo
713 783 943 845 pluribus
976 784 1101 830 locis
1123 780 1434 829 Athenaeus:
1488 780 1625 826 Plin.

2630 238 2766 305 185

1708 396 1789 442 96.
1812 399 1866 441 et
1886 406 1992 457 seq.
2011 397 2065 440 et
2080 391 2286 440 Persius
2308 390 2410 441 hic.
2462 390 2604 439 Male
2627 388 2764 438 enim

1710 457 1991 505 audiebant
2012 457 2189 505 Romae
2213 455 2549 520 sudant-quos
2579 454 2765 503 tumul·

1712 530 1915 571 tuantes
1989 522 2187 584 expulit
2251 520 2414 569 Roma
2473 520 2765 582 Imperator

1711 586 1973 648 Claudius,
2013 587 2155 634 Nero
2208 584 2471 649 suppliciis
2520 583 2765 643 coercuit,

1710 650 2039 700 Domitianus
2071 650 2278 699 vexavit
2315 649 2554 699 tributis:
2603 655 2659 696 ut
2680 661 2766 696 re-

1708 715 1811 765 fert
1832 716 2125 778 Suetonius.

1843 780 1975 828 ‘I‘unc
1991 779 2125 840 aig-ri
2144 780 2355 838 lemures,
2376 777 2483 840 ξω]
2581 776 2769 840 Neque

575 860 655 896 tx.
679 851 757 895 15.
783 848 856 895 sic
878 847 1065 893 habet:
1100 846 1115 870 ‘
1141 844 1412 906 Praecipua
1439 842 1627 903 magni·
1704 843 1867 890 solum
1892 840 2055 889 afficit
2086 850 2140 890 te
2172 842 2563 905 superstitiosus
2588 842 2767 917 pallor,

610 1055 651 1086 ε
668 1037 984 1086 latitudinem
995 1034 1098 1081 duo
1108 1031 1283 1080 cubita
1300 1039 1355 1080 et
1370 1030 1627 1095 palmum,’

571 1108 669 1149 otc.

637 1164 803 1212 Tamet
825 1161 932 1210 alba
937 1160 1110 1227 fidelia
1131 1161 1263 1224 tino]
1309 1160 1476 1209 Plena
1497 1160 1631 1210 scili·

569 1237 658 1277 cet
679 1226 870 1286 fidelia,
908 1242 994 1276 vas
1032 1226 1290 1275 vinarium
1331 1240 1397 1275 ex
1431 1225 1632 1291 argilla.

566 1292 702 1342 Vide
722 1292 834 1340 Sat.
859 1305 945 1341 ιη.

552 1405 561 1410 ,
700 1356 860 1405 Labra
893 1371 1042 1406 moves
1076 1357 1274 1420 tacitas]
1347 1356 1431 1404 Tu
1454 1369 1634 1419 super-

571 1421 1019 1471 uitiosus-,nudaris
1057 1429 1108 1471 te
1145 1420 1424 1479 immisces,
1462 1420 1512 1467 in
1548 1434 1632 1468 eo-

572 1502 683 1535 rum
719 1486 1037 1549 proseuchis,
1071 1501 1159 1534 seu
1217 1484 1633 1549 precationibus3

574 1559 630 1601 et
653 1551 885 1614 concipis
917 1559 1039 1599 vota
1073 1552 1230 1601 tacito
1267 1564 1546 1610 murmure,
1567 1548 1634 1597 de

574 1631 675 1681 quo
698 1616 815 1664 vide
838 1617 948 1664 Sat.
984 1630 1045 1665 n.
1069 1620 1116 1666 6.
1187 1615 1371 1664 Horat.
1392 1616 1436 1663 E
1478 1615 1560 1663 ist.
1594 1628 1635 1664 r.

574 1686 654 1729 16.
688 1682 704 1707 ‘
727 1681 892 1728 Labra
913 1688 1085 1730 movet
1107 1688 1341 1729 metuens
1363 1695 1426 1728 au
1466 1679 1564 1729 iri.'

641 1744 954 1808 Remetitaqae
975 1746 1166 1793 sabbata
1186 1745 1355 1809 palles]
1399 1745 1530 1794 Cum
1547 1744 1637 1794 Ju-

574 1808 700 1857 daeis
725 1809 851 1857 colis
884 1809 1135 1869 Sabbata,
1167 1816 1410 1868 tremens,
1442 1815 1499 1858 et
1532 1815 1636 1857 sto-

572 1873 679 1923 lide
719 1873 1007 1937 religiosus.

570 1938 730 1987 mium
768 1939 865 1988 bac
910 1939 962 1987 in
1007 1954 1062 1988 re
1098 1939 1483 2003 superstitiosos
1524 1939 1636 2003 quis

572 2018 675 2052 non
717 2000 963 2066 fateatur,
986 2019 1101 2052 cum
1137 2005 1309 2053 hostes
1345 2004 1636 2066 ingruentes

572 2067 980 2133 invadentesque
1001 2070 1227 2119 Sabbata
1266 2069 1537 2133 repellere,
1572 2082 1635 2116 ac

576 2133 709 2181 tueri
735 2146 808 2188 se,
843 2134 1072 2195 religioni
1095 2133 1382 2193 ducerent;
1433 2133 1556 2195 quin
1579 2138 1636 2180 et

572 2196 833 2246 Christum
893 2199 1169 2247 Dominum
1227 2198 1526 2246 incusarent
1580 2202 1636 2244 et

572 2260 989 2319 criminarentur,
1035 2262 1171 2324 quod
1219 2275 1381 2325 aegros
1429 2266 1635 2308 sanaret

573 2323 658 2370 die
679 2323 894 2371 Sabbati
913 2325 931 2370 ?

637 2386 884 2445 Reontita]
918 2386 1208 2447 Hypallage
1228 2383 1401 2435 Jndaei
1422 2384 1633 2434 recutiti

570 2445 877 2497 dicebantur
907 2446 974 2497 ob
1013 2447 1366 2499 circumcisam
1390 2450 1635 2512 praeputii

571 2520 744 2563 cutem
765 2529 778 2562 :
814 2513 889 2563 sic
912 2519 968 2562 et
992 2513 1212 2562 Horatio
1234 2514 1420 2579 Apella,
1459 2514 1512 2563 id
1536 2521 1636 2579 est,

574 2578 685 2628 sine
724 2578 880 2644 pelle,
912 2578 1112 2629 scilicet
1150 2579 1201 2627 in
1242 2594 1304 2629 ea
1341 2594 1494 2645 quam
1528 2580 1635 2630 dixi

572 2644 806 2709 corporis
829 2652 1001 2709 parte,
1023 2644 1170 2708 cujus
1210 2643 1529 2694 circumcisio
1563 2645 1639 2695 di·

572 2710 693 2758 vino
708 2711 855 2772 jussu
877 2710 1118 2759 mandata
1141 2709 1440 2772 designabat
1465 2710 1638 2759 cordis

572 2775 952 2838 separationem
987 2788 1019 2823 a
1056 2774 1445 2839 cupiditatibus,
1466 2781 1525 2823 ut
1564 2775 1639 2824 ait

577 2839 898 2900 Lactantius,
924 2846 980 2889 et
999 2838 1104 2887 alii.

604 2923 609 2931 ·
639 2903 869 2965 Sabbata]
890 2904 1009 2951 Vox
1029 2910 1111 2951 est
1126 2902 1385 2951 Hebraica
1407 2902 1638 2966 requiem

574 2966 888 3029 significans,
911 2974 965 3015 et
999 2966 1130 3014 diem
1165 2965 1499 3014 hebdomadas
1522 2982 1638 3032 sep-

573 3030 772 3087 timam,
807 3032 920 3078 Deo
944 3029 1163 3091 jubente
1188 3043 1282 3091 per
1304 3030 1525 3093 Mosem‚
1544 3032 1637 3083 Ju-

574 3093 704 3144 daeis
740 3091 1000 3151 feriatam,
1035 3098 1145 3140 tum
1184 3099 1243 3142 ut
1285 3097 1639 3146 meminissent

574 3158 717 3210 orbis
757 3174 790 3206 a
835 3157 952 3205 Deo
997 3157 1192 3206 conditi
1230 3164 1286 3208 et
1324 3173 1414 3209 sex
1454 3160 1637 3210 diebus

647 3222 800 3273 rfecti
823 3238 837 3280 3
888 3228 993 3270 tum
1013 3221 1168 3272 etiam
1189 3238 1293 3272 suae
1318 3238 1382 3273 ex
1408 3224 1636 3290 AEgypto

571 3239 904 3337 ffierationis.
974 3286 1077 3336 Hic
1100 3303 1219 3337 vero
1239 3288 1448 3338 Sabbata
1465 3305 1637 3354 quam·

573 3352 703 3402 libet
745 3352 1046 3403 Judaeorum
1099 3354 1457 3404 celebritatem
1507 3354 1636 3403 indi·

575 3430 695 3467 care
720 3418 980 3477 videntur,
997 3431 1088 3480 per
1108 3418 1489 3482 metonymiam.

644 3481 823 3543 Palles]
871 3481 990 3530 Sive
1022 3483 1087 3531 ob
1116 3483 1389 3546 jejunium,
1409 3482 1547 3548 quod
1571 3483 1635 3533 ad

576 3559 843 3616 vesperam
880 3545 1052 3596 Judaei
1094 3548 1401 3608 servabant3
1454 3563 1545 3597 seu
1570 3548 1637 3597 ob

575 3617 767 3660 metum
792 3611 1201 3673 superstitiosum
1222 3629 1238 3673 3
1284 3627 1374 3661 seu
1397 3613 1466 3662 ob
1487 3629 1634 3679 squa-

575 3675 757 3736 lorem,
777 3681 833 3724 et
854 3675 1076 3725 cinerem
1102 3691 1204 3740 quo
1227 3677 1300 3728 illi
1323 3692 1378 3726 se
1397 3693 1637 3742 consper-

579 3742 772 3801 gebant
809 3741 857 3791 in
892 3741 1131 3790 sabbatis
1154 3744 1336 3792 saltem
1361 3743 1635 3807 aliquibus.

575 3806 709 3857 Qun
732 3805 898 3858 omnia
920 3805 1056 3855 ridet
1077 3805 1367 3871 juvenalis,
1389 3810 1498 3858 Sat.
1517 3819 1633 3858 xur.

1110 1876 1267 1923 Certe
1313 1873 1524 1925 Judoeos
1566 1873 1657 1921 ni·-

1089 906 1380 954 Invenimus
1426 906 1625 951 talenta
1703 903 1794 951 sed
1816 911 1873 952 et
1897 905 2089 966 subigit
2112 913 2461 954 terrorvanus
2496 921 2527 955 e
2564 907 2767 954 leman-

2581 970 2766 1019 Horat.

1710 1031 1879 1094 Epist.
1906 1044 1968 1079 n.
1992 1035 2043 1079 2.
2073 1032 2089 1059 ‘
2114 1031 2341 1093 Somnia,
2360 1040 2588 1081 terrores
2612 1036 2764 1096 magi·

1708 1110 1818 1156 cos,
1839 1094 2108 1156 miracula,
2140 1094 2323 1159 Saga,
2362 1097 2667 1148 Nocturnas
2701 1100 2764 1146 le·

1709 1174 1899 1218 mures,
1921 1166 2265 1224 portentaque
2279 1161 2522 1211 'messala
2542 1163 2683 1212 rides
2699 1162 2733 1211 2’

1777 1225 2019 1289 Lemures]
2081 1223 2333 1288 Apuleius
2353 1226 2420 1275 de
2442 1228 2562 1276 Deo
2590 1227 2769 1276 S'oera-

1714 1289 1814 1338 tis:
1846 1290 1863 1318 ‘
1889 1288 2101 1339 Animus
2132 1289 2328 1339 virtute
2364 1289 2627 1355 perfectus
2665 1292 2770 1342 Ge·

1713 1354 1825 1403 nius
1880 1360 2111 1404 vocatur.
2209 1353 2446 1404 Animam
2496 1356 2771 1405 humanum

1712 1419 1939 1468 emeritis
1963 1419 2085 1467 vitae
2120 1418 2385 1482 stipendiis
2420 1434 2634 1481 corpore
2672 1435 2772 1469 suo

1714 1484 2037 1547 abjurantem
2054 1490 2230 1532 vetere
2249 1483 2422 1532 Latina
2447 1483 2643 1544 Lingua
2665 1485 2774 1533 Le·

1714 1563 1911 1597 murem
1956 1548 2248 1598 dictitatmn
2297 1546 2525 1610 reperio,'
2569 1546 2774 1610 inquit.

1713 1614 1729 1641 ‘
1755 1614 1832 1662 Ex
1856 1614 1995 1662 hisce
2013 1613 2308 1662 Lemuribus
2329 1611 2416 1676 qui
2437 1616 2774 1674 posterorum

1714 1693 1922 1727 suorum
1971 1692 2145 1727 curam
2188 1677 2415 1738 sortitus,
2455 1676 2667 1740 placato
2718 1685 2774 1726 et

1751 1743 1891 1792 nieto
1917 1743 2139 1792 Numine
2162 1742 2364 1791 domum
2393 1741 2640 1805 possidet,
2672 1741 2774 1790 Lar

1714 1757 1976 1857 pamiliaris
2014 1808 2237 1857 dicitur:
2289 1807 2375 1871 qui
2417 1820 2539 1854 vero
2559 1806 2645 1881 ‚ob
2686 1806 2769 1855 ad·

1715 1886 1862 1922 versa
1883 1873 2006 1922 vitae
2029 1872 2232 1933 merita,
2269 1871 2421 1920 nullis
2453 1870 2603 1918 bonus
2643 1871 2769 1920 sedi·

1717 1938 1831 1995 bus,
1871 1937 2066 1987 incerta
2106 1937 2389 2000 vagatione,
2431 1949 2520 1983 seu
2551 1936 2766 1999 quodam

1716 2003 1871 2050 exilio
1922 2002 2152 2065 punitur,
2197 2002 2345 2050 inane
2396 2000 2768 2049 terriculamen-

1717 2073 1824 2116 tum
1846 2066 1989 2115 bonis
2006 2066 2307 2125 hominibus,
2322 2070 2552 2115 ceterum
2568 2065 2765 2114 noxium

1715 2131 1881 2189 malis,
1920 2131 1972 2180 id
2012 2146 2168 2192 genus
2190 2131 2424 2195 plerique
2449 2131 2638 2181 Larvas
2658 2143 2765 2193 per·

1715 2195 1910 2244 bibent.
1977 2196 2105 2245 Cum
2127 2209 2250 2243 vero
2270 2196 2529 2243 incertum
2552 2203 2642 2253 est,
2655 2207 2763 2257 qun

1713 2261 1902 2322 cuique
1921 2273 2098 2307 eorum
2121 2259 2324 2307 sortitio
2341 2261 2764 2317 “caeritum-a

1716 2324 1815 2370 Lar
1857 2324 1942 2381 sit,
1982 2336 2047 2369 an
2096 2323 2281 2382 Larva,
2322 2323 2531 2373 nominc
2567 2325 2767 2373 Manem

1712 2385 1887 2434 Deum
1922 2386 2260 2449 nuncupant!
2337 2386 2486 2437 Idem
2530 2387 2769 2452 Apuleius

1713 2448 1766 2498 in
1806 2449 2064 2515 Apologia
2101 2451 2176 2500 sic
2215 2450 2404 2501 babet:
2456 2455 2472 2481 ‘
2496 2454 2641 2503 Duat
2676 2451 2772 2501 tibi

1718 2516 1862 2565 Deus
1884 2516 2063 2565 obvias
2079 2516 2274 2579 species
2291 2528 2623 2579 mortuorum,
2635 2518 2778 2581 quit>

1715 2581 1841 2645 quid
1881 2580 2193 2630 Umbrarum
2240 2589 2322 2631 est
2361 2596 2587 2649 usquam,
2629 2581 2779 2657 quic-

1718 2645 1841 2709 quid
1892 2646 2187 2705 Lemnrum,
2230 2646 2472 2712 quicquid
2522 2648 2777 2708 Manium,

1717 2710 2265 2788 quicquid-Lanarum
2287 2712 2449 2762 oculis
2488 2713 2589 2762 tuis
2624 2726 2778 2775 ogge-

1717 2777 2777 2900 ‘21’3333..:,⁰‘}3¹::.¹:1·s;{5:2⁸53.22⁰:::

1718 2904 2006 2967 pulcrorum
2033 2905 2481 2956 terriculamenta?
2542 2905 2678 2953 Plio.
2704 2906 2779 2953 1²:-

1717 2968 1839 3031 pist.
1878 2982 1984 3018 vu.
2018 2974 2100 3020 27.
2140 2971 2305 3020 multa
2337 2970 2493 3020 refert
2524 2969 2577 3017 id
2610 2982 2778 3031 genus

1716 3039 1969 3082 nocturna
1994 3036 2368 3098 phantasmata,
2386 3042 2489 3085 tum
2510 3033 2622 3083 aliis
2652 3047 2776 3083 cum

1713 3098 1809 3146 sibi
1846 3099 1975 3147 visa.
2051 3100 2154 3149 Hic
2195 3115 2290 3164 per
2327 3102 2548 3149 Lemno-es
2579 3096 2775 3162 signifi·

1716 3168 1902 3212 cantur
1938 3164 2147 3213 Umbrae
2191 3170 2455 3215 nocturnae
2496 3170 2552 3214 et
2588 3166 2770 3213 urm

1714 3227 1889 3277 domos
1927 3227 2252 3291 infestantes,
2288 3244 2404 3293 quae
2442 3229 2612 3279 omnia
2652 3242 2775 3277 noc-

1716 3292 1844 3341 tium
1891 3292 2312 3342 terriculamenta
2402 3293 2775 3344 rocurabantur

1713 3370 1806 3405 seu
1828 3357 2323 3421 averruncabantur,
2367 3360 2517 3409 abam
2540 3365 2697 3408 noctu
2719 3356 2777 3406 in

1714 3420 1884 3471 Sacris
1896 3421 2178 3483 jactando;
2212 3430 2470 3473 testantur
2488 3425 2674 3485 Varro,
2705 3421 2778 3471 do

1714 3485 1840 3535 Vita
1862 3485 2052 3549 Populi
2089 3488 2305 3537 Romani
2345 3488 2436 3539 lib.
2478 3503 2517 3539 1.
2557 3489 2647 3538 ubi
2686 3488 2785 3548 ait,

1716 3550 1731 3577 ‘
1756 3549 1816 3600 In
1855 3550 2027 3600 Sacris
2061 3550 2234 3601 fabam
2267 3554 2475 3616 jactant
2506 3562 2687 3614 noctu,
2718 3558 2779 3601 et

1716 3614 1897 3664 dicunt
1950 3630 2005 3665 se
2045 3616 2291 3667 Lemures
2331 3617 2482 3667 domo
2519 3627 2671 3669 extra
2697 3618 2781 3681 ja-

1717 3693 1869 3729 nuam
1890 3681 2081 3745 ejicere
2096 3681 2129 3731 :'
2177 3691 2234 3732 et
2251 3682 2402 3732 Ovid.
2422 3685 2564 3736 Fast.
2586 3699 2637 3734 ν.
2659 3681 2776 3732 fase

1715 3757 1825 3794 rem
1848 3748 2095 3809 explicat,
2116 3753 2174 3795 et
2194 3762 2386 3799 morem
2423 3748 2568 3798 illum
2602 3760 2780 3811 snper·

1715 3808 1968 3862 stitiosam
1988 3812 2350 3877 persequitur:
2370 3813 2386 3840 ‘
2404 3813 2658 3879 Signaque
2682 3811 2781 3861 dat
