2884 4917
610 70 1039 156 Compositus
1060 69 1260 149 leoto,
1289 31 1667 156 crassisque
1693 73 1942 139 lutatus
1977 75 2283 152 amomis,

610 157 693 222 In
715 162 974 241 portam
999 156 1248 240 rigidos
1279 157 1499 222 calces
1527 158 1851 224 extendit:
1897 165 1964 225 nt
1990 158 2174 223 illum

2662 162 2826 229 1⁰5

610 241 925 307 Hesterni
955 244 1178 327 capite
1207 243 1434 308 induto
1463 245 1719 309 subiere
1746 244 2061 323 QuiriteS.

688 333 708 363 ‘
738 328 971 412 Tange
999 330 1197 393 miser
1223 348 1453 407 venus,
1483 335 1551 394 et
1577 350 1747 414 pone
1774 332 1841 394 in
1869 337 2133 415 pectore
2161 328 2463 395 dextram
2491 354 2509 396 ε

594 530 705 593 jsm
729 529 994 592 describit,

601 612 772 659 repom·
822 595 977 645 Ritus
1011 609 1042 644 o
1061 594 1130 645 im
1169 594 1429 644 observari
1463 596 1661 659 solitos,

1065 542 1316 594 uunquam
1338 529 1532 594 ὕστερον
1550 530 1662 595 πρό-
1738 528 1922 578 mentis
1945 533 2002 577 et
2015 529 2236 592 pulvinis
2256 542 2352 577 exa

2421 535 2610 579 eratus.
2652 529 2830 579 Mar-

1740 594 1847 644 tisl.
1868 594 1905 642 l.
1923 607 2050 643 vm.
2066 593 2310 658 Epig.44.
2335 599 2349 623 ⁸
2412 602 2550 643 mus
2572 606 2834 658 papyro,

601 672 719 709 cnm
739 660 864 724 quis·
875 658 1204 718 moriebatur,
1234 659 1415 710 saltem
1437 660 1659 710 strictim
1737 663 1847 708 tum
1887 656 2003 707 tibi.
2026 658 2200 708 thorus
2236 657 2456 708 crescit.'
2519 658 2622 708 Seu
2668 659 2828 722 quit

599 723 684 775 bic
707 731 941 775 attexere
973 737 1148 787 operae
1184 724 1403 786 pretinm
1439 730 1537 772 est.
1607 728 1656 773 1.

595 788 759 839 Simul
793 795 946 900 stzue
977 787 1194 836 animam
1228 786 1339 850 qnis
1371 784 1653 849 efflaverat,

894 859 1029 912 ntur,
1073 849 1125 898 id
1167 856 1264 910 est,
1307 856 1417 898 tots
1455 848 1649 898 familis
1730 857 1998 899 sternatur
2020 851 2189 901 lectus
2212 851 2429 902 eburno.
2494 852 2613 902 Nec
2645 851 2718 901 sit
2756 852 2819 901 in

596 854 857 902 conclama

595 917 813 966 tollebat
834 915 1077 978 ejulatum
1101 917 1155 960 et
1177 910 1372 962 fletum.
1406 916 1455 959 2.
1478 912 1643 961 Cada-

592 995 683 1030 ver
696 995 726 1029 e
739 978 891 1028 cubili
913 978 965 1026 in
984 991 1084 1038 quo
1091 975 1335 1039 jacuerat
1349 982 1646 1026 extructum

587 1044 726 1095 humi
742 1040 1106 1104 deponebatur.
1139 1041 1189 1088 3.
1214 1039 1396 1116 Calida
1413 1040 1645 1090 ablutum

585 1105 995 1220 reema-s..
1015 1101 1347 1231 {fam
1370 1119 1483 1217 εει
1524 1120 1646 1218 ⁰:33:

582 1234 799 1285 enbntur
826 1233 881 1283 iu
916 1232 1174 1282 vestibulo
1197 1231 1393 1295 domus,
1412 1232 1645 1283 adhibito

584 1297 830 1349 custode:
867 1303 924 1347 et
943 1311 1036 1361 per
1071 1296 1139 1346 nli
1179 1303 1268 1345 uot
1289 1295 1398 1345 dies
1418 1297 1645 1361 complo-

583 1363 798 1413 rabstur
850 1361 1087 1412 Naenism
1170 1360 1423 1411 icentibus
1468 1362 1644 1412 amicis

582 1435 639 1478 et
662 1442 757 1492 pro
798 1399 982 1541 intutis.
1045 1430 1096 1475 ο.
1126 1426 1368 1490 Denique
1391 1423 1459 1473 ad
1483 1433 1645 1476 tumn·

583 1493 691 1607 {lure
712 1506 743 1543 e
784 1506 873 1541 ere
910 1499 1044 1557 atur,
1066 1497 1122 1539 et
1159 1489 1211 1538 iu
1249 1490 1487 1555 sepulcro
1521 1505 1639 1541 con-

621 1572 651 1607 e
689 1564 822 1608 stur.

632 1610 799 1684 'Tubcss
833 1620 867 1671 J
874 1621 942 1669 ul.
966 1618 1153 1669 Pollux
1177 1632 1299 1668 vm.
1325 1622 1376 1669 1.
1393 1618 1469 1669 sit
1491 1618 1637 1670 tube·

583 1701 693 1735 rum
714 1686 886 1735 sonitu
919 1682 1195 1733 convocsri
1219 1684 1410 1733 amicos
1434 1681 1640 1734 defunc·

579 1751 639 1813 ti,
667 1757 728 1799 nt
764 1747 975 1798 videant
1007 1748 1146 1797 nulls
1169 1763 1286 1797 eum
1321 1747 1371 1797 vi
1402 1755 1638 1810 externa,

581 1814 672 1864 sed
711 1822 878 1863 morte
909 1828 1002 1862 sua
1032 1812 1235 1862 obiisse.
1299 1812 1507 1863 Servius
1528 1813 1579 1861 in
1603 1814 1638 1863 l.

581 1893 634 1929 v.
658 1877 859 1929 AEneid.
881 1893 958 1927 vs.
979 1880 1090 1928 1³8.
1113 1885 1166 1927 et
1183 1876 1288 1939 elii,
1303 1877 1477 1928 tubam
1496 1876 1639 1927 adhi-

581 1942 696 1993 beri
733 1943 785 1992 in
830 1942 1096 2004 funeribus
1130 1942 1396 1992 Nobilium
1431 1950 1487 1991 et
1521 1942 1641 1992 udo-

574 2007 893 2058 lesceutum:
939 2007 1117 2056 tibiam
1153 2022 1274 2056 vero
1297 2007 1349 2055 in
1369 2005 1635 2056 funeribus

578 2086 851 2135 puerorum
891 2078 947 2121 et
988 2072 1323 2135 plebeiorum,
1365 2069 1637 2133 affirmant,

575 2138 811 2202 citatque
833 2135 1068 2186 Persium
1087 2136 1313 2185 Servius.
1380 2136 1537 2184 Certe
1560 2135 1630 2183 le·

575 2202 738 2263 gimus
759 2201 811 2250 in
835 2199 1116 2261 Evangelio
1157 2199 1411 2249 Christum
1453 2198 1631 2246 Domi-

570 2277 693 2313 num
716 2278 831 2312 cum
856 2262 1117 2324 Principis
1145 2261 1301 2310 filium
1340 2261 1631 2324 suscitaret,

571 2327 812 2375 tibicines
835 2323 1127 2374 exclusisse.
1162 2323 1347 2373 Matth.
1368 2337 1447 2371 11.

637 2386 882 2449 Cmdeloe]
930 2386 1163 2447 Funnlia,
1205 2386 1362 2447 cerei,
1399 2385 1624 2449 lumine,

569 2467 683 2517 quae
707 2460 766 2502 ut
780 2453 1081 2512 etiamnum,
1103 2451 1176 2500 sic
1199 2457 1255 2500 et
1273 2450 1395 2500 olim
1419 2450 1629 2500 adhibe-

569 2517 776 2580 bantur,
799 2524 906 2567 tum
929 2515 1191 2566 collocatis
1226 2516 1291 2565 nd
1323 2516 1497 2578 limen,
1518 2522 1629 2566 tum

566 2583 718 2644 elatis
755 2583 819 2633 nd
851 2583 1160 2647 sepulcrum,
1183 2581 1284 2631 imo
1318 2588 1375 2631 et
1408 2581 1461 2629 in
1501 2579 1629 2643 ipsis

568 2648 907 2700 conditoriis:
942 2661 1032 2697 seu
1056 2646 1193 2713 quod
1227 2647 1346 2696 olim
1369 2651 1527 2696 noctu
1551 2661 1627 2697 se-

565 2715 831 2777 peliebant
854 2721 1082 2763 mortuos
1106 2712 1341 2777 primum,
1364 2710 1499 2760 unde
1522 2725 1628 2760 mos

566 2775 776 2829 fluxerit
809 2785 1008 2843 postes,
1030 2778 1190 2826 etiem
1228 2775 1452 2826 interdiu
1482 2789 1626 2838 sepe·

567 2843 756 2905 liendo,
777 2843 941 2892 lucem
973 2839 1325 2900 accendendi3
1362 2851 1451 2888 seu
1488 2838 1625 2901 quod

563 2905 770 2956 honoris
792 2920 947 2955 causa
966 2904 1019 2953 id
1041 2902 1190 2952 fieret
1213 2919 1226 2950 ι
1260 2904 1348 2950 lux
1370 2902 1506 2949 enim
1527 2902 1625 2950 vir-

562 2969 688 3018 tutis
711 2977 766 3018 et
786 2969 962 3030 gloriae
990 2967 1187 3028 signnm
1217 2973 1299 3014 est
1334 2973 1388 3014 et
1423 2965 1623 3028 symbo-

564 3033 880 3154 lmg'eatulus]
933 3090 1039 3141 Alii
1077 3090 1280 3140 beatum
1335 3089 1438 3143 (lici
1488 3091 1621 3143 affir-

559 3170 721 3219 mant,
759 3157 896 3221 quod
932 3162 1160 3205 mortuos
1202 3156 1400 3222 antiqui
1439 3157 1620 3210 beatos

560 3224 828 3282 dicerent;
863 3220 1101 3285 ulii,qnis
1117 3221 1351 3285 pretiosis
1371 3223 1619 3287 vestibus,

558 3287 783 3347 corollis,
821 3284 1045 3349 allisque
1075 3286 1385 3337 ornamentis
1426 3289 1616 3338 mortui

559 3351 939 3416 integebantur,
963 3356 1118 3414 atque
1158 3350 1234 3400 iss
1266 3352 1537 3414 compositi
1563 3353 1615 3401 in

555 3416 684 3466 strio
719 3414 1127 3477 exponebantur,
1157 3423 1212 3465 et
1249 3414 1315 3464 nd
1354 3414 1493 3465 fores
1531 3418 1619 3466 do·

556 3495 686 3531 mus.
719 3479 792 3529 At
813 3478 948 3542 quod
970 3479 1055 3528 bic
1082 3480 1290 3529 Persius
1312 3479 1614 3532 diminutivo

558 3545 740 3606 utitur,
762 3542 954 3591 ironice
978 3544 1115 3607 loqui
1136 3560 1191 3594 se
1215 3545 1454 3595 ostendit.

619 3609 733 3659 Auo
770 3608 1046 3671 conqwsitus
1081 3609 1219 3674 lecto]
1268 3610 1522 3659 Nimirum
1563 3608 1612 3657 in

552 3673 758 3723 'sublimi
781 3688 840 3722 ac
864 3672 1131 3735 splendido
1169 3674 1307 3724 lecto
1339 3682 1395 3724 et
1433 3672 1610 3723 babitu

551 3738 617 3784 sd
642 3739 794 3787 limen
829 3737 1122 3786 collocatus.

612 3802 735 3850 Alea
754 3801 894 3865 lecto]
928 3801 1078 3850 Altus
1094 3808 1204 3850 erat
1225 3802 1411 3864 lectus,
1426 3816 1513 3850 seu
1535 3808 1607 3850 to·

1736 723 1886 772 nixus
1940 730 2055 772 erat
2098 722 2326 774 eburneo
2372 719 2553 773 fulcro.
2615 722 2821 772 Testis

1732 786 1975 850 Propert.
1994 786 2030 835 l.
2055 799 2121 835 ιι.
2158 788 2174 815 ‘
2201 788 2316 837 Nec
2339 788 2461 836 mihi
2484 794 2591 836 tum
2628 786 2817 836 fulcro

1725 911 1961 963 Attalico
1985 929 2120 964 mors
2141 929 2253 964 mes
2276 917 2398 965 niss
2424 916 2619 966 thoro!

1856 978 2091 1041 matus]
2125 980 2408 1043 Pinguibus
2432 979 2707 1044 unguentis
2734 986 2803 1030 ut

1723 1039 1837 1089 luto
1855 1042 2094 1104 perlitus.

1788 1105 2028 1169 Anamis]
2074 1106 2322 1156 Amomum
2341 1106 2517 1158 frutex
2553 1110 2798 1171 exignus,

1725 1168 2572 1286 333⁸{‘⁵34⁸⁸‘13⁵1i1¹2¹⁸1¹¹1¹‡⁸i¹3⁰“⁸·
2635 1173 2798 1223 ¹³¹⁰*

1850 1297 1908 1346 Is
1937 1299 2148 1374 mom]
2225 1300 2358 1351 Quis
2419 1307 2621 1365 portam
2656 1301 2797 1350 Per·

1723 1359 1828 1410 sius
1850 1361 1994 1425 dicit,
2007 1373 2228 1427 arguunt
2248 1363 2402 1429 aliqui
2424 1371 2575 1414 extr·
2598 1364 2793 1414 urbem

1721 1422 1892 1475 efferri
1913 1427 2156 1491 mortuos,
2174 1434 2227 1476 et
2242 1425 2492 1475 incassum
2510 1430 2673 1477 mults
2695 1429 2793 1478 bic

1719 1497 2034 1552 congerunt:
2085 1489 2175 1539 sed
2221 1490 2580 1553 intelligendus
2624 1492 2785 1540 locus

1718 1554 1783 1603 de
1796 1555 1957 1618 jenua
1974 1554 2152 1604 domus
2174 1553 2236 1603 sd
2259 1569 2408 1618 quam
2433 1551 2661 1603 mortuus
2682 1555 2783 1603 ille

1717 1618 2013 1670 collocatus.
2090 1619 2174 1668 lta
2216 1617 2545 1668 Cusubonus
2585 1624 2642 1667 et
2681 1618 2786 1667 elii

1718 1682 2021 1732 doctissimi.

1782 1747 1844 1797 In
1889 1753 2076 1811 portm
2123 1745 2300 1808 rigidos
2340 1746 2496 1805 calces¹
2540 1745 2790 1812 extendit]

1718 1811 1893 1861 versis
1910 1825 2094 1876 nempe
2111 1810 2164 1859 in
2176 1812 2381 1874 januam
2395 1809 2634 1873 pedibus.
2657 1811 2785 1861 Mos

1717 1883 1831 1927 erat
1849 1877 2040 1941 exponi
2072 1874 2342 1925 defunctos
2362 1881 2417 1924 et
2439 1871 2617 1924 efferri
2641 1877 2781 1940 pari-

1718 1948 1800 1990 ter
1814 1940 2230 2004 praecedentibus
2251 1938 2486 2004 pedibus.
2523 1939 2659 1990 Plin.
2678 1954 2777 1991 vn.

1716 2009 1766 2053 8.
1792 2006 1808 2033 ‘
1831 2005 1957 2055 Ritu
1983 2012 2183 2054 usturae
2201 2004 2371 2068 capite
2390 2003 2650 2056 hominem
2675 2005 2783 2069 gig·

1716 2068 1767 2117 ni
1791 2064 2556 2196 mffieftsetssngegiutiruaeegergeivi
2611 2146 2772 2197 nuper

1710 2195 1775 2244 ab
1797 2210 1858 2245 eo
1882 2196 2127 2247 libertate
2156 2198 2352 2259 donati,
2375 2206 2432 2247 et
2465 2196 2620 2263 paulo
2647 2204 2765 2245 snte

1711 2274 1772 2308 nc
1797 2267 2037 2309 recenter
2057 2258 2183 2309 fecti
2206 2261 2346 2309 cives
2370 2260 2606 2312 Romani.

1770 2321 1991 2386 Subiere]
2022 2321 2130 2372 Ant
2145 2338 2460 2387 precessere
2476 2325 2642 2388 sunus,
2656 2331 2764 2385 sut,

1706 2393 1998 2449 portavere.
2049 2388 2167 2437 Mos
2189 2393 2306 2437 erat
2326 2396 2385 2441 ut
2402 2390 2573 2441 liberti
2598 2388 2767 2454 prodi-

1708 2457 1825 2500 rent
1837 2450 2018 2514 pilesti
2031 2458 2153 2502 ante
2174 2468 2204 2503 c
2304 2468 2359 2504 us
2375 2455 2768 2505 manumissoris.

1707 2515 1794 2564 Its
1815 2521 1965 2565 vetus
1989 2516 2190 2567 Glossa.
2307 2528 2330 2569 t
2348 2519 2616 2568 observare
2636 2519 2767 2567 licet

1709 2594 1823 2629 cum
1847 2579 2172 2645 Casaubono,
2189 2596 2306 2631 cum
2340 2582 2504 2647 plures
2526 2589 2679 2630 erent
2699 2582 2762 2629 li-

1707 2643 1862 2706 berti,
1887 2645 2016 2695 slios
2038 2644 2290 2696 feretrum
2312 2652 2529 2711 gestare,
2543 2645 2671 2694 alios
2690 2645 2762 2695 ad

1707 2709 1840 2758 latus
1894 2710 2177 2772 procedere
2230 2719 2286 2761 et
2329 2711 2520 2761 ambire
2563 2710 2761 2760 solitos.

1707 2774 1864 2823 Certe
1887 2788 2008 2836 vox,
2022 2774 2195 2839 ubire,
2211 2775 2467 2840 signifieat
2485 2778 2582 2826 boc
2599 2776 2761 2839 magis

1705 2852 1856 2903 quam
1890 2837 2046 2900 illnd;
2080 2840 2181 2889 imo
2213 2841 2358 2905 sequi
2397 2840 2571 2905 potins
2604 2854 2757 2904 quum

1705 2901 2024 2965 praecedere,
2059 2903 2400 2968 significaret:
2454 2904 2590 2969 qnod
2621 2910 2758 2953 esset

1703 2974 1882 3017 contra
1904 2968 2212 3018 institutum.

1771 3033 1940 3096 Capite
1956 3032 2141 3095 Mitto]
2174 3030 2321 3084 Quod
2349 3031 2552 3094 siguum
2587 3039 2666 3084 est
2695 3032 2749 3081 li·

1701 3093 1933 3147 bertatis.
2015 3096 2141 3146 Cum
2184 3109 2365 3158 nempe
2404 3098 2544 3146 servi
2587 3112 2752 3147 msnu·

1699 3159 2050 3220 mittebantur,
2070 3160 2122 3208 in
2144 3159 2330 3223 templo
2349 3159 2585 3211 Feroniae
2605 3163 2749 3211 liber-

1700 3229 1867 3273 torum
1889 3226 2036 3280 Deae,
2061 3237 2175 3272 raso
2196 3238 2253 3271 ca
2295 3223 2365 3272 ite
2400 3224 2588 3287 pileum
2626 3226 2749 3275 scci-

1697 3286 1921 3349 piebant.
1983 3286 2143 3335 Plsut
2163 3287 2213 3335 in
2287 3288 2498 3351 mphitr.
2532 3294 2547 3319 ‘
2575 3291 2747 3340 Faciat

1692 3351 1920 3414 Jupiter,
1938 3355 1996 3400 ut
2016 3364 2114 3413 ego
2136 3352 2218 3400 hic
2239 3353 2411 3416 bodie,
2431 3367 2543 3403 raso
2563 3355 2749 3419 capite,

1690 3416 1866 3527 §alvus
1905 3414 2104 3478 capiam
2141 3416 2367 3480 pileum.’
2443 3420 2577 3469 Vide
2617 3417 2747 3469 infru

1730 3487 1800 3530 at.
1826 3492 1880 3526 v.
2503 3509 2526 3523 0

1821 3543 1981 3607 Tange
2023 3544 2166 3594 miser
2195 3546 2356 3609 renas]
2407 3547 2523 3598 Jam
2557 3548 2744 3597 Centu-
2812 3555 2819 3563 '

1694 3607 1767 3657 rio
1820 3609 2048 3659 hircosus
2094 3610 2338 3661 adversus
2382 3612 2742 3677 Philosophum

1690 3673 1930 3738 insurgit,
1944 3682 1999 3724 et
2020 3673 2166 3737 dicit,
2182 3677 2321 3728 Quid
2339 3677 2455 3726 mibi
2476 3691 2665 3741 aegrum
2688 3685 2743 3725 et

1689 3739 2044 3801 egritudinem
2067 3754 2265 3802 narras,
2339 3742 2388 3790 ni
2423 3741 2551 3790 bene
2573 3742 2737 3798 valeo,

1687 3816 1782 3851 nec
1818 3802 2050 3853 morbum
2088 3814 2174 3854 sut
2212 3820 2323 3855 mor
2359 3806 2372 3853 i
2409 3803 2597 3854 inditis
2635 3802 2737 3853 ulla
