2884 4917
246 349 289 454 ld
594 401 629 446 n.
651 395 754 446 suun
777 394 987 445 suvnusnts

247 543 404 609 Nondum
418 541 559 618 habitus,
580 540 688 605 nullas
709 559 920 616 nummorum,
933 537 1096 602 ereximus
1107 557 1193 618 esus,

249 628 296 691 ut
308 628 426 693 colitur
440 627 528 705 Pax,
544 632 643 713 atqua
658 626 772 705 Fides,
784 615 955 699 Victoria,
969 622 1096 701 Virtus,

248 711 280 791 Q
358 734 399 778 ua
413 715 552 779 salutmo
565 734 619 778 cra
645 714 706 778 ital
727 709 910 775 Concordia
927 708 1016 771 nido.
1053 751 1057 760 .
1152 751 1159 760 .

283 734 358 862 [dudd
371 783 447 865 cum
460 819 607 864 summus
619 734 722 864 donor
734 795 827 862 finito
842 798 1005 878 computet
1018 813 1115 872 anno,

247 882 404 967 Sportula
416 885 497 970 quid
511 886 638 960 raserat,
653 884 809 965 quantum
821 879 1002 943 rationibus
1017 879 1133 944 addat:
1272 864 1338 942 110

247 967 338 1047 Quid
352 972 473 1036 facient
486 972 633 1045 comites,
654 965 773 1048 quibus
785 948 861 1028 linc
875 970 964 1047 toga,
980 967 1112 1030 calceus
1124 965 1201 1030 hinc
1216 969 1279 1041 est,

248 1054 292 1120 Et
306 1059 415 1141 panis,
429 1059 601 1139 fumusque
616 1052 731 1115 duruit
776 1050 984 1115 Densissima
997 1059 1127 1117 centum

246 1274 310 1325 nibil
327 1276 354 1324 iu
365 1281 393 1323 se
410 1270 505 1320 habere
519 1271 671 1326 honestatis,
686 1269 732 1319 sed
742 1275 771 1320 et
842 1270 951 1320 &latmo
967 1271 1067 1334 crepitet
1083 1269 1150 1332 nido]
1177 1271 1271 1318 Sensus
1281 1274 1337 1318 est:

247 1354 322 1389 osrue
344 1337 438 1386 malum
460 1334 492 1383 ab
513 1335 543 1384 iis
565 1335 634 1384 oriri.
658 1334 770 1399 Diogen.
811 1336 965 1397 Concordia,
976 1336 1003 1384 in
1012 1337 1084 1400 cujus
1094 1335 1156 1384 adis
1165 1333 1267 1398 fastigio
1276 1349 1336 1382 aves

248 1404 336 1458 [alim.
810 1399 971 1450 nidificantes
990 1402 1100 1450 sonitum
1115 1400 1196 1449 edunt
1208 1407 1236 1448 et
1253 1399 1337 1463 crepi-

279 1467 334 1516 utri
348 1465 447 1524 sanato
458 1462 557 1526 pannio
566 1464 651 1528 templo
669 1467 771 1514 mudum
810 1470 877 1526 taut,
900 1466 1001 1529 quoties
1020 1465 1053 1514 ad
1072 1464 1144 1513 nidus
1167 1463 1285 1524 redeunt,
1308 1469 1337 1512 et

246 1527 348 1592 utun]
379 1529 436 1578 Etsi
449 1528 559 1591 pecunia
578 1543 627 1578 uec
646 1543 703 1578 aras
721 1544 770 1579 uec
810 1529 893 1593 pullos
915 1530 1123 1594 quasisalntaot,
1144 1524 1338 1592 pabnltimatse·

245 1594 328 1644 eedem
353 1593 443 1642 babuit
467 1593 600 1653 hactenus,
627 1592 654 1642 in
677 1594 769 1658 quibus
810 1601 907 1644 rentes.
940 1595 1060 1644 Cornices
1080 1593 1204 1658 iutelligit
1215 1592 1337 1642 Politian.

244 1658 313 1721 apud
331 1672 377 1706 nos
393 1665 423 1707 ut
443 1657 545 1707 Numen
556 1658 671 1718 colatur;
687 1659 711 1707 ei
731 1666 769 1708 ta·
809 1659 921 1709 Miscell.
947 1674 970 1708 c.
986 1663 1026 1707 67.
1050 1674 1081 1708 eo
1103 1657 1170 1723 quod
1192 1659 1261 1707 iuter
1281 1656 1337 1705 illas

244 1735 303 1771 meu
314 1722 438 1771 obediunt
448 1722 540 1783 omnis,
560 1736 616 1772 eom
627 1736 715 1772 omnes
726 1738 769 1772 ve·
809 1737 901 1786 magna
911 1723 943 1772 sit
954 1722 1019 1772 tides
1027 1731 1054 1771 et
1062 1722 1218 1780 concordia;
1231 1728 1258 1770 et
1268 1717 1336 1785 quod

243 1785 376 1848 ueremur,
395 1786 502 1851 ejusque
520 1800 611 1835 nomen
640 1794 680 1836 est
699 1788 768 1850 apud
808 1788 919 1837 Veteres
928 1788 954 1836 iu
974 1788 1080 1850 Nuptiis
1095 1795 1154 1852 post
1172 1787 1335 1850 Hymeueum

246 1850 360 1900 homines
379 1851 576 1900 sanctissimum.
614 1850 768 1904 vinecel.
809 1853 941 1902 cornicem
970 1851 1135 1901 inuocabant.
1168 1852 1221 1899 Alii
1249 1858 1335 1899 tameo

247 1914 357 1978 Rhodig.
380 1928 439 1964 xxt.
456 1919 498 1964 at.
515 1915 664 1965 etTmueb.
684 1916 727 2028 ipsi
739 1929 771 1965 tr.
811 1917 880 1964 inter
897 1930 960 1979 quos
979 1916 1158 1974 Mauciuellus,
1175 1923 1203 1963 et
1222 1914 1337 1964 Turueb.

245 1983 286 2029 2⁰.
313 1981 450 2044 pecuniam
465 1980 544 2028 'inter
566 1980 638 2028 Deae
663 1988 771 2028 reatum
810 1993 872 2029 vus.
889 1984 929 2029 la.
946 1979 1062 2028 Ciconias
1078 1978 1215 2043 significari
1240 1980 1337 2039 volunt,

246 2044 390 2106 contendit,
399 2044 543 2108 probatque
554 2058 587 2092 ex
600 2043 715 2093 Aroohio
726 2044 771 2095 tib.
811 2046 871 2109 quis
897 2044 982 2107 pietas
1009 2043 1058 2092 illia
1082 2046 1150 2093 inest
1171 2042 1337 2102 admirabilis,

245 2122 283 2158 tv.
311 2108 431 2158 adversm
458 2109 567 2171 Gentes,
591 2108 636 2158 ubi
664 2109 770 2158 scribit:
811 2123 887 2172 qnam
909 2107 1042 2171 explicant
1061 2108 1169 2168 Solinus,
1180 2113 1207 2156 et
1223 2107 1292 2156 Ptin.
1308 2120 1337 2156 x.

244 2171 331 2223 ‘Quis
340 2167 424 2221 Deam
436 2173 575 2223 Pecuniam
593 2189 651 2222 esse
671 2173 771 2235 credat,
810 2177 852 2222 28.
873 2179 901 2222 et
923 2173 1041 2236 quonium
1059 2172 1203 2223 Concordia
1224 2171 1337 2220 Cicouiae

474 2236 481 2247 .
1098 2238 1114 2263 ,.
1319 2245 1338 2270 ,-

243 2236 772 2353 nictunuuttlnuun
810 2235 1338 2365 tauhun,tratactu

244 2364 362 2427 los,'&c.
769 2379 771 2386 ⁴
812 2380 841 2414 aa
868 2366 916 2417 sibi
938 2367 1045 2429 plaudat
1066 2367 1211 2427 crepitante
1233 2362 1340 2412 Ciconis

310 2429 377 2492 Pax]
394 2428 567 2494 Vespasianus
579 2417 637 2479 Paci
649 2430 772 2492 templum
807 2431 915 2475 'rostro'
940 2431 1061 2474 ceterum
1073 2429 1134 2471 mihi
1146 2440 1196 2471 uon
1211 2426 1338 2474 absurdus

244 2494 329 2545 erexit
341 2493 397 2544 loro
409 2496 561 2560 proximum.
578 2497 685 2540 Sueton¹
812 2488 932 2536 videatur
946 2488 1048 2534 Flavius
1068 2487 1187 2548 conject.
1205 2500 1228 2533 c.
1241 2490 1281 2532 5³.
1304 2488 1340 2534 lo·

278 2559 351 2608 Fides
379 2561 463 2607 Numa
483 2556 548 2602 Pom
568 2554 626 2601 ilius
645 2552 716 2599 Fidei
735 2565 772 2599 so-
812 2563 870 2597 cum
889 2550 957 2597 huuc
978 2547 1130 2610 simpliciter
1151 2549 1281 2611 explicam
1305 2550 1338 2600 de

243 2622 327 2671 lemno
359 2618 471 2666 nstituit.
513 2615 538 2663 Α
580 2613 606 2662 id
624 2614 772 2661 'sacrarium
813 2611 869 2661 aede
887 2611 1049 2672 Concordia,
1070 2611 1101 2660 ad
1123 2613 1198 2676 quain
1220 2614 1337 2666 nuntiae

244 2683 372 2732 Flumineo
388 2680 457 2742 bigis
483 2693 560 2728 curru
584 2684 691 2725 arcuato
714 2677 772 2724 vehi
812 2676 923 2739 strepitu
934 2673 1099 2725 confluebant
1113 2677 1216 2739 Patres,
1227 2692 1284 2727 cum
1303 2679 1337 2730 ibi

236 2744 327 2809 jussit,
336 2757 464 2808 manuque
482 2742 514 2790 ad
535 2740 630 2800 digitos
644 2753 723 2803 usque
736 2741 773 2788 in·
812 2742 922 2789 Senatus
930 2740 1057 2789 interdum
1067 2741 1212 2805 haberetur,
1229 2743 1338 2794 testibus

245 2809 342 2868 vnuts,
360 2821 414 2855 rom
433 2805 544 2855 divinam
562 2802 661 2865 facere,
678 2803 772 2867 signiti-
810 2804 927 2853 Varrone
935 2811 963 2853 et
974 2804 1129 2868 Lampridio.

244 2878 335 2921 cautes
346 2870 430 2920 Fidem
440 2868 581 2931 ttttnudant,
598 2867 735 2933 sedemque
747 2883 772 2918 e·
875 2867 981 2918 Meam
990 2885 1092 2920 nmmos
1103 2871 1184 2934 houm,
1198 2871 1251 2934 lfa]
1272 2873 1336 2923 Cum

240 2936 283 3000 jus
303 2935 381 2984 etium
397 2935 425 2983 in
444 2933 544 2984 dextris
563 2939 687 2982 sacratam
706 2945 771 2983 esse.¹
811 2934 902 2997 summi
919 2934 1013 2999 quique
1029 2935 1085 2998 viri,
1103 2936 1284 2999 Magistratus,
1294 2939 1338 2987 Se·

246 3000 519 3050 Haeclitbir.r.2l.
535 2997 773 3060 Fidemiqupito-
810 3005 914 3049 natones
940 3008 1101 3064 computent,
1129 3009 1253 3065 quantum
1274 3002 1338 3064 ipsis

245 3063 279 3113 lio
289 3063 435 3114 dedicatam
444 3071 471 3114 et
480 3069 658 3113 consecratam
668 3063 772 3113 aiteio.
812 3063 915 3113 valeant
928 3066 1050 3126 sportula
1059 3065 1132 3114 unius
1144 3066 1212 3126 anni,
1223 3069 1249 3114 et
1259 3081 1338 3130 quan-

245 3129 278 3178 de
291 3130 354 3179 Nat.
365 3132 446 3179 Daor.
458 3144 489 3179 u,
500 3134 542 3180 ol.
812 3135 867 3177 tum
878 3129 1043 3179 emolumenti
1057 3128 1181 3191 afferant3
1198 3130 1265 3243 <pund
1286 3146 1338 3179 aor-

281 3194 397 3258 Vt'olorlu]
413 3195 491 3244 Dion.
509 3194 641 3244 Belicam.
653 3194 701 3243 l.1.
719 3192 772 3243 Vre·
812 3191 909 3254 didam,
927 3201 956 3243 et
984 3193 1130 3258 indignum
1156 3195 1199 3260 qui
1238 3194 1335 3246 facient

245 3259 315 3308 torio
331 3259 453 3323 templum
470 3261 502 3307 sb
522 3255 666 3308 Arcadibus
677 3258 704 3305 iu
716 3265 772 3305 ver:
812 3270 947 3320 pauperes,
958 3258 1075 3321 clientes,
1094 3260 1207 3322 parasiti,
1225 3260 1269 3322 qui
1286 3275 1336 3309 nou

246 3324 299 3373 tteo
315 3324 388 3372 uoltis
409 3321 564 3371 aedificatum
585 3322 630 3370 alt.
645 3321 700 3369 ‘stt
713 3321 771 3369 niv.
812 3321 916 3371 aliunde
928 3337 1005 3387 quam
1017 3338 1032 3372 a
1042 3326 1165 3388 sportulis
1177 3323 1273 3373 habent
1285 3339 1334 3388 quo

246 3387 291 3437 lib.
304 3400 365 3436 vsu.
402 3385 512 3434 Victoria
531 3385 653 3447 temptum
676 3385 702 3432 iu
722 3385 770 3433 Ps-
811 3387 900 3436 vivant
911 3388 1103 3438 etvestiantur?

244 3448 770 3512 lstiot'uissotestatur,etcic.locomox
875 3451 998 3519 Sportulq
1036 3452 1105 3505 uuit
1137 3453 1173 3503 sit
1200 3450 1337 3513 explicavi-

244 3513 341 3564 citstu.'
495 3531 499 3538 ·
809 3529 863 3566 num
876 3524 959 3567 antes.

282 3577 376 3640 Virtus]
390 3577 486 3630 Tullius
503 3578 560 3627 loco
571 3578 649 3627 citato
665 3578 698 3629 de
718 3581 771 3629 No·
844 3582 963 3637 mam
971 3582 1102 3631 mondus
1109 3577 1193 3639 addat]
1204 3578 1336 3630 Quantum

247 3647 305 3692 lura
315 3641 430 3690 Deorum
441 3642 478 3691 sie
489 3642 579 3692 habet:
596 3644 604 3669 ‘
615 3642 695 3692 Vides
711 3645 770 3692 Vir·
810 3657 893 3696 annuo
910 3646 1004 3697 rethtui
1020 3645 1130 3695 accedat
1140 3657 1155 3691 e
1166 3643 1337 3705 sportularum

246 3704 310 3754 tutis
327 3711 380 3755 tom
399 3706 520 3757 lumsM.
530 3707 653 3757 Marcello
665 3717 771 3773 renova*
811 3719 947 3774 proventu.

245 3773 370 3835 totumquo
399 3772 771 3826 multisauteauulseratbel·
876 3773 989 3835 German]
1021 3773 1088 3822 Vide
1099 3787 1177 3836 supra
1195 3785 1235 3822 vs.
1247 3776 1286 3822 96.
1303 3772 1336 3822 ad

246 3832 272 3880 lo
284 3834 413 3897 Ligustico
425 3851 441 3886 a
452 3839 484 3889 Q.
493 3836 606 3886 Maximo
614 3836 771 3888 dedicatum.
811 3851 910 3901 rocem,
923 3839 1027 3899 noguae.
1061 3835 1201 3886 clientelas
1212 3844 1240 3887 et
1250 3845 1336 3900 patro·

246 3896 319 3949 Quid
339 3900 500 3964 Concordia,
510 3902 660 3963 Libertatis,
683 3902 771 3951 Victo·
811 3902 880 3951 ciuis
897 3917 913 3950 a
930 3902 1040 3951 Romulo
1058 3900 1178 3949 instituta
1196 3904 1335 3966 sapienter,

246 3960 315 4011 rite?
345 3963 463 4016 Tichtv.
479 3966 620 4030 adportam
640 3968 771 4031 Capenam
806 3964 1274 4030 jampauperibusinutiliadcploraa

247 4022 325 4076 tuine
343 4027 433 4078 refert.
465 4029 533 4080 Item
544 4031 708 4081 Plutarchus.
874 4028 974 4091 Famae]
1020 4030 1163 4094 Metonym.
1193 4045 1240 4095 pro
1263 4031 1334 4092 igne,

314 4090 456 4155 Cosmrdio]
488 4094 622 4144 emersio
648 4096 772 4159 templum
810 4091 1280 4158 antliguisadt‘ovendumincsmiuo
1296 4093 1337 4156 ig·v

248 4153 371 4204 Camillum
392 4156 485 4221 aliique
506 4158 676 4223 aediticarunt,
700 4159 771 4208 testis
809 4172 877 4208 nam.

248 4217 497 4293 Qvidiuststor.1.
509 4220 638 4274 dedicavit
646 4230 675 4275 et
693 4222 771 4275 'ttte-
842 4223 1087 4286 Deusissinocestuu
1097 4225 1238 4289 quadrantes
1251 4219 1333 4271 lecticu

251 4295 315 4336 nus.
345 4284 450 4337 suun.
808 4287 881 4356 petit]
908 4287 961 4355 Ipsi
978 4290 1086 4341 Nobiles
1109 4294 1138 4338 et
1165 4285 1333 4350 Magistratus
