2884 4917
556 425 694 477 sarias
718 428 758 477 Χ.

105 569 269 653 Sanguine
281 569 439 636 causidici
451 569 644 635 maduerunt
656 575 762 636 rostra
775 569 898 653 primii.

106 654 138 715 0
152 656 347 721 fortunatam
358 664 468 721 natam
481 675 535 721 me
550 654 694 721 Consule
708 654 866 720 Romami

101 739 229 806 -Antonl
242 741 368 823 gladios
381 742 491 825 potuit
503 746 718 818 contemnere,
740 741 771 803 ai
782 742 831 805 sic

107 825 227 891 Omnia
240 826 387 892 dixisset.
431 825 587 893 Ridenda
599 825 755 909 po‘emata
768 824 869 900 malo,

104 909 215 989 Quem
231 913 476 996 teoouapicirae‚
498 913 611 977 diviua
624 912 737 994 Philip
760 912 823 989 ico,
844 912 955 987 famae,

106 994 259 1060 Volveris
274 1017 296 1062 a
309 998 416 1081 prima
427 1019 503 1082 qnae
517 999 680 1081 proxima.
750 1015 843 1061 revue
858 1004 891 1061 et
903 996 996 1060 illum

105 1080 225 1145 Exitus
239 1084 370 1166 eripuit,
392 1103 489 1165 quem
502 1084 702 1148 mirabantur
718 1081 856 1147 Auienae

101 1165 305 1244 Torrentem,
327 1174 361 1233 et
372 1169 459 1251 pleni
472 1168 693 1233 moderantem
705 1168 811 1233 fraena
823 1167 946 1232 tbeetri

106 1251 165 1315 Dia
179 1253 237 1316 iile
251 1253 397 1317 adversis
411 1256 548 1337 genitus,
569 1253 700 1338 fatuque
714 1255 858 1331 sinistro,

101 1336 322 1422 Quempater
335 1340 478 1404 ardentia
491 1360 609 1406 massae
623 1339 759 1423 iuligine
773 1339 885 1422 lippus
1131 1334 1194 1401 luo

99 1548 147 1584 uos
155 1543 272 1586 mermi
280 1535 629 1614 adilbertatemaceeudeus,
670 1538 789 1602 periisset
799 1536 896 1615 Tullius
908 1537 942 1586 ab
953 1534 1066 1586 Antonio
1078 1548 1105 1585 se
1116 1535 1193 1585 ulcis·

100 1608 127 1648 st
137 1615 187 1650 suo
198 1600 301 1650 taudem
310 1609 401 1651 exitio.
669 1611 744 1652 cente
755 1601 837 1651 occidi
843 1616 939 1676 jussus.

168 1664 269 1727 Rostra]
302 1666 385 1713 Locus
401 1664 428 1713 iii
446 1663 629 1714 soroRomano
735 1666 842 1740 Ridesds
856 1669 968 1739 'murts
982 1666 1043 1715 rasio
1087 1664 1193 1716 Mallem

100 1726 147 1777 ubi
164 1728 292 1800 pulpitum
307 1737 373 1790 ersi,
389 1736 505 1779 oruaiiim
520 1729 628 1806 subinde
667 1728 755 1805 subire
770 1728 906 1778 ludibrium
922 1729 1032 1805 matese
1056 1728 1140 1806 heudo
1151 1730 1192 1778 vel

100 1791 627 1968 {geiziu.¹ul⁰iarui:riu:
666 1792 1194 1936 ieiunium·nui

99 1922 638 2060 ..uuum
864 1926 1196 2060 ‘ritmorum

100 2048 156 2096 beri
167 2050 200 2098 ad
218 2052 339 2115 populum
350 2052 478 2104 solebant.
509 2054 561 2103 tu.
573 2053 627 2102 biv.
667 2052 751 2116 epm.
768 2056 794 2102 9.
817 2049 879 2100 ‘Ab
899 2047 1057 2100 orationibus
1079 2046 1194 2121 diripugo

100 2125 167 2189 riri.
175 2117 212 2164 it
229 2112 353 2190 ‘Naum’
364 2116 473 2180 inquit‘
484 2115 628 2166 Antiatium
667 2131 708 2167 me
721 2116 787 2176 fere,
802 2113 939 2175 referoque
959 2112 992 2187 ad
1012 2116 1195 2186 mansuetiores

100 2178 232 2239 partimin
249 2180 351 2227 navalia
369 2180 458 2227 Rome
477 2180 630 2237 subiturum
667 2179 767 2240 Musas,
785 2192 842 2242 quar
867 2188 1034 2224 merissime
1059 2179 1127 2224 sicut
1137 2187 1193 2237 ism

99 2241 196 2307 partlm
225 2240 354 2299 incensoe3
379 2241 518 2306 rostrisque
543 2255 630 2290 earum
669 2242 784 2303 aprima
801 2239 975 2316 adolescentis
990 2239 1194 2289 delectarum.-

100 2310 252 2377 suggesioui
271 2304 297 2352 in
314 2303 371 2352 soro
389 2311 534 2353 esiuictnm
559 2303 633 2353 ador·
670 2304 766 2368 Scripsi
784 2305 860 2353 etism
880 2304 1059 2354 remurmuret
1071 2303 1150 2353 libros
1161 2302 1194 2352 de

101 2381 159 2415 nari
196 2366 290 2416 iacuit:
313 2374 444 2430 rostraque
464 2369 491 2416 id
509 2368 632 2431 ternplum
671 2368 830 2444 temporibus
842 2368 921 2423 neti:
936 2372 984 2417 ite.

99 2380 278 2495 appeliatum
734 2431 825 2481 Dirum
875 2431 1020 2507 Philippica]
1076 2430 1195 2479 Secunda

168 2492 351 2553 osonum
369 2500 459 2556 mins,
468 2496 521 2560 tre]
556 2495 629 2545 Clee-
668 2511 762 2559 nempe
773 2496 894 2559 singulari
911 2494 1021 2545 artifieio
1037 2493 1195 2544 elaboratas

99 2556 170 2608 runis
192 2567 232 2608 est
249 2558 273 2609 is
294 2559 513 2636 versiculumque
532 2558 566 2608 de
584 2577 629 2623 op-
667 2561 804 2622 Cicerone,
820 2561 864 2624 qui
887 2559 990 2624 quidem
1007 2560 1194 2609 orationeseas

99 2636 190 2737 messa
211 2623 330 2673 Catilina
350 2624 533 2701 conjuratione,
553 2632 581 2675 et
600 2625 627 2672 ii-
666 2626 692 2675 iu
703 2622 855 2686 Antonium,
870 2639 921 2673 rou
932 2623 1099 2682 Antonianas,
1110 2629 1139 2673 ut
1150 2620 1194 2671 dc·

135 2694 203 2737 rtste
215 2687 339 2749 stabilita,
356 2688 405 2738 sibi
421 2689 476 2751 ipse
493 2688 627 2738 inCousa·
665 2688 774 2751 buissel,
795 2688 936 2752 inscripsit,
957 2688 1002 2737 sed
1025 2687 1093 2737 Pbili
1113 2686 1194 2749 picas,

99 2750 153 2801 latu
166 2751 349 2815 applaudebat.
364 2750 498 2802 'Turneb
518 2766 567 2802 uir.
585 2758 625 2803 1⁹.
666 2754 739 2818 qrissi
753 2754 847 2803 similes
866 2753 897 2802 iis
915 2767 978 2818 quas
996 2752 1024 2800 in
1042 2702 1193 2816 Phidippum

98 2818 107 2841 ⁶
119 2815 216 2865 Versus
227 2817 289 2879 ilie,’
305 2817 395 2881 inquil,
405 2816 626 2867 ‘obtrectatorum
665 2818 855 2868 Demosthenes
864 2831 937 2867 seres
948 2826 976 2867 et
995 2816 1073 2867 salsas
1084 2816 1194 2866 disent.

101 2879 232 2931 Ciceronis
257 2888 286 2930 et
316 2881 459 2931 invidorum
486 2881 626 2932 virulentos
731 2882 812 2931 Seram
840 2888 864 2932 et
891 2883 957 2932 illusa
983 2883 1064 2933 eslius
1094 2879 1194 2944 eripuit]

100 2958 198 2994 morsus
216 2945 242 2993 in
261 2959 321 2995 eum
338 2945 482 2996 excitarit:
516 2958 564 2997 uec
586 2953 628 2996 est
667 2945 870 2997 Cmdeliselism
878 2961 908 2995 ae
918 2945 1021 2996 funesta
1030 2945 1195 2995 morseuiuis

99 3008 166 3073 quod
178 3024 193 3058 n
205 3009 315 3062 Quintil.
327 3022 366 3060 ix.
377 3014 402 3060 4.
419 3010 461 3059 vel
476 3010 628 3061 aturensis
667 3010 765 3059 exemit
788 3011 997 3060 Demosthenem.
1038 3010 1065 3058 Is
1083 3010 1150 3058 euim
1165 3015 1195 3057 ut

99 3074 176 3122 satir.
195 3086 223 3122 ι.
253 3073 390 3124 irrideatur
409 3074 441 3123 ob
463 3073 627 3125 iterationem
668 3074 747 3136 Regis
758 3073 929 3122 Macedonum
939 3072 1070 3133 Antipatri
1080 3071 1194 3121 furorem

100 3136 240 3187 earundem
258 3137 426 3203 syllabarum:
447 3138 496 3188 hoc
515 3138 627 3189 enimin
668 3135 912 3200 effugereuveneno
934 3135 1034 3197 seipse
1057 3134 1196 3183 interemit.

98 3199 200 3250 deliciis
220 3199 348 3252 habebunt
363 3209 525 3254 ueteres-at
593 3210 630 3253 te·
669 3201 738 3251 Vide
749 3208 839 3251 cetera
849 3198 918 3262 apud
929 3197 1105 3247 Plutarclium.

100 3264 165 3314 ritas
176 3262 295 3327 fastidiit,
313 3282 370 3343 quie
378 3267 460 3316 multo
471 3267 586 3332 putidius
600 3278 629 3318 et
737 3263 883 3327 Torrentem]
920 3261 1052 3313 Turraniis
1062 3262 1142 3311 instar
1152 3273 1196 3309 es·

99 3328 430 3444 utitiff'ii'li‘ii·
441 3331 627 3445 idm
668 3328 1072 3455 ¹¹¹¹il¹¹⁰¹⁰qifii¹l¹lmn
1089 3388 1184 3441 imo

164 3410 199 3443 ei
236 3410 259 3443 in
466 3410 495 3445 ru
525 3411 550 3446 ni
566 3411 627 3446 scri-
828 3410 866 3445 eiu
1188 3417 1197 3427 ·

101 3456 172 3522 bens,
192 3462 253 3509 ‘rer
276 3459 338 3509 milii
360 3459 449 3510 iuriam
468 3460 531 3510 visre
550 3462 627 3522 sunt,'
666 3461 776 3510 eusesin
794 3457 961 3511 concionibus
973 3471 1025 3523 quo
1038 3453 1144 3505 volebat
1159 3454 1196 3503 iri·

99 3518 200 3587 inquit:
218 3532 246 3574 et
263 3524 297 3575 de
318 3523 422 3575 Amieit
454 3524 628 3575 ‘Eoiocolo-
665 3523 813 3576 flectentem
824 3540 854 3575 ac
890 3529 1074 3574 ermoueutem.
1098 3519 1196 3571 Justiu.

99 3587 153 3637 esti
173 3603 257 3638 sumus
267 3589 284 3640 :⁹
298 3597 327 3639 et
346 3588 437 3653 Virgii.
459 3587 560 3638 AEueid.
584 3602 627 3641 ιιι.
666 3589 683 3637 i.
699 3602 770 3639 xxii.
786 3540 975 3653 ‘Amineum’
991 3586 1084 3651 inquit,
1098 3583 1195 3634 ‘veluti

97 3651 563 3704 ‘Talescssuscassaudracanebat’
585 3654 628 3704 An
666 3653 826 3716 Reipublicae
848 3660 943 3703 statum
963 3651 1127 3711 formaturus,
1150 3662 1196 3714 po·

96 3730 160 3765 uero
171 3716 274 3767 summis
292 3719 342 3769 iltis
358 3717 488 3769 scribendi
499 3716 628 3781 magistris
668 3717 755 3781 pulum
767 3721 795 3767 ia
806 3718 933 3768 tlieatrum
946 3716 979 3765 ad
993 3715 1142 3766 concionem
1155 3729 1197 3763 vo-

98 3795 130 3830 es
150 3787 248 3829 temere
266 3783 390 3833 excidium
411 3782 554 3848 putandum
578 3791 629 3846 est,
668 3781 721 3832 cari
735 3781 830 3844 jubet!
862 3781 947 3830 Aliter
964 3780 1079 3891 explicet
1098 3779 1196 3829 Minci·

98 3843 168 3909 quud
182 3841 410 3899 sffimnuuiniit
421 3850 478 3898 loco
489 3846 585 3897 citato?
668 3846 760 3908 uellus,
787 3858 879 3907 nempe
904 3843 972 3908 qood
1021 3842 1197 3893 tbeuieusibnr

164 3906 254 3960 inim
291 3912 383 3973 gladios
416 3912 495 3976 potuit
527 3918 628 3962 matesi-
668 3910 827 3975 persuaserit
836 3908 1024 3959 Demosthenes
1038 3915 1068 3957 ut
1081 3922 1157 3971 quam
1169 3909 1195 3957 in

98 3973 165 4039 viere]
180 3972 270 4023 Semta
280 3988 312 4023 ex
320 3975 378 4038 ipso
388 3977 473 4027 'lullio
481 3977 561 4025 verbs
569 3976 629 4026 Pbi·
667 3975 862 4039 speetaeulissc
871 3972 981 4023 theatris
989 3971 1124 4036 pecuniarii
1133 3972 1196 4037 pub·

100 4035 528 4115 lip.2.ubiperorausitascribit:
545 4042 629 4091 ‘Cori-
667 4039 742 4089 licam
770 4038 889 4089 solebant
909 4036 1068 4101 impendere,
1086 4038 1142 4103 jam
1170 4038 1197 4086 is

99 4101 175 4152 iemsi
196 4101 443 4166 eanimurum,
469 4119 522 4163 uua
549 4105 628 4169 porti·
669 4103 728 4153 belli
741 4102 1013 4153 sumtnsadiiiberent.

100 4166 297 4225 mescsmtuos,'
313 4170 364 4216 &e
732 4168 807 4224 Queri
826 4172 895 4231 puter
910 4167 1025 4225 orderiis,
1040 4167 1094 4244 be]
1129 4163 1197 4216 laie-

129 4233 158 4281 Si
167 4233 203 4281 sic
213 4234 293 4282 omme
301 4228 414 4293 remu]
428 4230 456 4280 Si
475 4237 526 4282 tam
539 4233 627 4284 incou·
666 4233 701 4282 lis
713 4235 903 4283 Demosthenes
914 4233 983 4298 quod
994 4234 1100 4299 insignis
1108 4237 1195 4302 orator

100 4294 161 4359 dite,
179 4305 231 4346 tiim
249 4296 338 4360 inepte
351 4306 438 4346 cetera
451 4296 565 4361 dixisset,
575 4313 626 4351 nou
666 4298 786 4362 evaserit,
798 4297 899 4351 suturas
908 4308 981 4351 corte
992 4297 1102 4357 beatior,
1111 4307 1133 4341 si
1143 4302 1193 4339 uon
