2884 4917
0 1659 11 1701 .-
0 1357 2 1364 .

30 1036 35 1047 -
29 959 37 978 -
27 900 35 937 ομ

39 1757 46 1769 -
50 1444 60 1457 ·
46 1125 63 1240 -.„,.
45 1057 49 1062 .
43 761 61 938 ’'''1‘?''

67 1681 70 1682 ¹
76 1607 85 1624 ο
66 1512 83 1542 ὂ·
66 1481 81 1489 ζ
74 1370 79 1383 -
72 1267 90 1281 ἶ
70 1168 77 1194 νο
85 1089 91 1111 1.
69 1024 89 1045 ἰ
74 929 85 959 „A
71 872 89 886 z
68 791 75 829 -ω-
85 757 92 764 ¹.

106 1847 112 1857 ,
76 1520 112 1788 *firs‘g-a-Ggsss‘
88 1486 92 1497 “
95 1343 112 1422 ..υ
98 1280 104 1288 .
91 1254 101 1262 ⁶
98 1197 104 1204 -
95 1128 106 1180 „.„,.
85 1050 97 1061 ⁶
99 1013 106 1024 .
82 952 105 976 ἲ
86 848 106 924 ..⁴17-
93 740 113 815 *afwa

118 1731 127 1804 ,,.
116 1624 122 1650 -.
114 1377 138 1445 ⁷.„⁴‘
114 1178 138 1337 „'‘.'')
111 1031 137 1148 '⁴¹ka
112 911 115 912 =
112 826 118 836 ι
111 764 116 767 -

154 1880 161 1886 .
134 1785 163 1844 ss:
136 1743 163 1749 s
134 1662 138 1669 “
134 1478 158 1500 -'
155 1400 161 1409 .
157 1353 159 1364 ι
137 1300 149 1308 ³

170 1751 179 1802 ,υ
172 1683 176 1704 ν<
169 1527 174 1628 <-·Ἀ
170 1446 171 1450 Α
168 1400 171 1422 ⁴*
174 1327 176 1329 <

694 75 835 226 θυι
859 77 980 141 tibi
1006 76 1291 141 labentes
1322 77 1596 163 apponit
1625 77 1943 143 candidus
1971 85 2195 143 annos,

752 161 926 226 unde
951 182 1201 227 merum
1229 162 1467 230 Genio.
1514 164 1668 229 Non
1697 169 1768 228 tu
1796 183 1988 248 prece
2015 163 2239 247 poscis
2266 164 2503 243 emaci,

696 245 870 325 Quae
900 248 1028 312 nisi
1057 249 1345 314 seductis
1373 270 1660 335 nequeas
1687 252 2083 331 committere
2108 248 2327 313 Divis,

693 330 789 396 At
817 334 994 398 bona
1020 354 1174 418 pars
1202 356 1544 419 procerum
1571 337 1770 400 tacita
1796 334 2030 399 libavit
2055 351 2303 398 acerra.
2807 332 2850 396 5

693 417 900 483 Haud
957 421 1169 485 cuivis
1224 427 1546 506 promtum
1628 425 1753 497 est,

948 525 1163 572 SUITOS

1832 438 2249 503 murmurque
2299 417 2697 501 humilesque
2750 438 2852 483 su-

691 588 953 655 Tollere
982 592 1064 657 de
1091 592 1373 676 tempHS,
1409 599 1478 659 et
1504 597 1729 676 aperto
1757 591 1976 657 vivere
2003 594 2181 654 voto.

727 704 743 733 ⁴.
811 722 823 734 .
1200 724 1212 735 .
1339 724 1351 737 .
1425 724 1437 735 .
1554 713 1564 736 ι

689 724 1523 851 ἧξῗίυῃέῐῗηῗιᾞ,ὼέυοῖἑξυὲῒεο
1534 724 1734 836 Pl'ilrfftltts¹

693 863 792 898 vn.
814 855 892 899 40.
956 850 1029 899 At
1052 849 1185 913 quod
1216 851 1369 913 aliqui
1393 850 1590 898 addunt
1610 851 1730 907 hinc

691 914 928 962 transisse
949 913 1014 963 ad
1047 914 1335 975 Cretenses,
1372 926 1471 960 non
1496 913 1571 961 ita
1591 927 1729 961 com·

691 984 892 1039 per-tum
909 993 924 1024 ε
957 976 1058 1025 imo
1089 977 1299 1040 jugulat
1340 989 1425 1023 eos
1470 975 1558 1025 ille
1596 977 1730 1039 ipse,

692 1054 790 1103 quo
821 1054 919 1087 uno
956 1038 1079 1088 freti
1121 1040 1174 1089 id
1215 1038 1491 1098 affirmant,
1528 1040 1735 1090 Horatii

687 1103 827 1150 locus
850 1102 938 1151 lib.
955 1118 997 1152 1.
1021 1102 1120 1152 ode
1136 1108 1220 1153 36.
1243 1105 1258 1132 ‘
1279 1104 1466 1152 Cressa
1479 1118 1544 1153 ne
1561 1111 1738 1154 careat

683 1166 905 1229 pulchra
925 1167 1039 1217 dies
1057 1168 1214 1217 nota!
1277 1166 1380 1215 Ubi
1401 1174 1548 1217 certe
1568 1166 1737 1217 album

683 1229 911 1292 lapillum
936 1245 965 1279 e
999 1232 1158 1281 Creta
1176 1232 1470 1281 venientem
1494 1246 1559 1280 ex
1599 1246 1737 1282 resse

684 1292 955 1357 designat:
992 1295 1216 1359 alioquin
1255 1309 1433 1359 parum
1464 1294 1564 1344 dist
1587 1310 1738 1360 ngue-

680 1364 767 1407 ret
790 1358 962 1408 laetam
981 1365 1158 1410 notam
1179 1375 1211 1409 a
1231 1360 1386 1422 tristi,
1402 1360 1446 1408 si
1470 1359 1738 1409 Cretenses

685 1421 905 1485 perinde
928 1439 989 1473 ac
1011 1424 1097 1474 alii
1129 1422 1361 1473 candidis
1382 1422 1575 1473 faustos
1611 1426 1739 1487 dies,

684 1486 940 1537 infaustos
974 1490 1131 1553 nigris
1167 1488 1357 1553 lapillis
1393 1495 1577 1538 notare
1615 1502 1734 1538 con-

689 1552 995 1604 suevissent.
1052 1552 1201 1604 Unde
1223 1554 1375 1602 etiarn
1398 1560 1560 1617 patet,
1581 1567 1733 1619 quam

687 1616 840 1680 longe
883 1617 1143 1681 aberrent,
1192 1618 1278 1682 qui
1320 1618 1483 1667 citato
1529 1618 1734 1667 Horatii

686 1681 802 1729 loco
824 1681 1004 1744 legunt
1028 1683 1240 1744 strena,
1262 1696 1354 1745 pro
1380 1684 1562 1732 Cressa.

819 1744 916 1799 Qui
933 1745 1023 1794 tibi
1043 1748 1262 1808 labentes,
1282 1745 1387 1810 δῖα]
1442 1747 1546 1799 Qui
1569 1762 1734 1797 aevum

687 1807 821 1872 quod
846 1810 1076 1874 quotidie
1098 1811 1338 1873 elabitur,
1362 1809 1457 1860 tibi
1481 1812 1735 1876 producit,

688 1885 872 1922 novum
910 1889 1096 1925 annum
1133 1875 1228 1925 tibi
1267 1875 1434 1925 dando
1476 1883 1532 1926 et
1568 1878 1739 1942 auspi-

682 1938 866 1987 cando.

757 2004 1016 2068 Candidus]
1050 2006 1245 2070 Bonus,
1265 2006 1545 2071 propitius:
1571 2013 1630 2056 ut
1652 2020 1739 2056 ex·

684 2066 845 2129 plicui
865 2069 971 2119 Sat.
992 2083 1033 2118 1.

819 2133 1174 2183 Futdemrum
1187 2133 1362 2196 Genio]
1402 2134 1531 2182 Hor.
1553 2134 1598 2182 E
1637 2166 1651 2181 .
1672 2146 1735 2183 11.

687 2198 734 2243 1.
767 2194 1054 2245 ‘Tellurem
1085 2212 1260 2259 porco,
1287 2197 1566 2260 sylvanum
1618 2202 1734 2245 acte

685 2256 928 2320 piabant;
973 2260 1208 2308 Floribus
1251 2268 1307 2308 et
1349 2261 1465 2308 vino
1508 2261 1732 2309 Genium

685 2333 958 2368 memorem
983 2322 1148 2368 brevis
1184 2322 1313 2370 aeviss
1373 2323 1559 2371 Tibull.
1584 2322 1731 2384 Eleg.

685 2392 748 2429 ιι.
783 2385 832 2429 4.
873 2381 939 2430 de
979 2383 1147 2431 Genio
1187 2384 1285 2433 ait:
1333 2383 1545 2450 ‘Atque
1588 2392 1732 2434 satur

682 2443 791 2493 libo
814 2444 901 2507 sit,
939 2445 1242 2510 madeatque
1274 2448 1452 2498 mero.'
1520 2449 1623 2498 Ubi
1645 2449 1731 2498 ob-

683 2509 988 2559 servandum
1012 2517 1106 2573 est,
1121 2513 1307 2561 ceteris
1327 2513 1533 2579 quidem
1551 2513 1729 2563 diebus

684 2573 855 2624 Genio
875 2575 1076 2625 litatum
1101 2577 1220 2626 olim
1244 2576 1397 2627 fuisse
1430 2592 1565 2627 caesa
1586 2578 1731 2628 victi-

680 2652 784 2700 ma,
815 2646 875 2689 ut
912 2649 1058 2703 patet
1096 2656 1162 2689 ex
1202 2642 1383 2691 Horat.
1408 2643 1515 2693 Od.
1539 2656 1623 2692 111.
1648 2647 1728 2693 1⁷.

687 2704 705 2731 ‘
723 2719 835 2754 cras
869 2705 1095 2756 Genium
1127 2721 1266 2755 mero
1288 2707 1504 2756 Curubis
1534 2714 1589 2756 et
1619 2722 1732 2771 por-

685 2782 749 2817 co
805 2769 1052 2833 bimestri,
1103 2771 1229 2819 Cum
1275 2770 1478 2820 famulis
1520 2786 1730 2834 operum

685 2833 896 2882 solutis.'
943 2835 1079 2884 Illud
1102 2841 1274 2883 autem
1295 2849 1552 2898 nunqnam
1574 2834 1734 2884 fiebat

686 2895 772 2944 die
811 2899 987 2960 natali,
1034 2912 1095 2946 eo
1138 2896 1274 2960 quod
1325 2898 1521 2946 nollent
1570 2897 1730 2946 vitam

686 2958 912 3008 adimere
951 2975 1012 3009 eo
1048 2960 1133 3006 die
1173 2974 1272 3022 qno
1312 2960 1480 3008 lucem
1518 2975 1732 3025 accepe-

680 3027 825 3069 rant:
859 3024 950 3070 sed
983 3022 1196 3070 litabant
1219 3024 1357 3084 vino,
1377 3020 1606 3089 floribus,
1626 3029 1726 3076 &c-

682 3089 743 3132 ut
764 3084 910 3135 citati
934 3100 1049 3133 mox
1070 3084 1172 3133 loci
1202 3085 1445 3137 innuunt:
1479 3090 1586 3139 sive
1609 3091 1731 3155 quia

685 3147 856 3197 vinum
879 3149 1153 3198 hilaritatis
1186 3164 1208 3197 s
1247 3150 1468 3202 mbolum
1491 3161 1547 3204 et
1577 3170 1732 3205 causa

682 3219 791 3271 est3
823 3212 931 3261 sive
955 3213 1075 3277 quia
1133 3228 1190 3263 er
1247 3230 1360 3265 ores
1379 3218 1503 3268 vitae
1522 3220 1727 3285 quidem

683 3278 949 3326 amenitas
970 3277 1097 3327 simu
1137 3285 1191 3328 et
1219 3278 1445 3331 brevitas
1476 3284 1728 3361 significa-

684 3338 854 3403 batur,
884 3342 1041 3405 juxta
1082 3342 1204 3392 illud
1250 3344 1455 3396 Horatii
1494 3355 1726 3410 citatum,

682 3402 988 3480 ‘memorem
1011 3407 1181 3457 brevis
1201 3409 1334 3460 oeviss
1383 3411 1519 3461 Vide
1541 3414 1727 3464 Censo-

679 3482 863 3518 nuum.

656 3552 665 3557 ·
754 3533 930 3597 Genio]
997 3533 1059 3583 Id
1082 3542 1180 3595 est,
1211 3536 1262 3585 in
1294 3539 1535 3589 honorem
1557 3540 1726 3602 Genii,

656 3605 667 3611 ·
684 3596 772 3665 qui
795 3597 936 3647 Deus
957 3606 1084 3659 erat,
1107 3600 1201 3649 sub
1225 3603 1372 3666 cujus
1394 3605 1559 3654 tutela
1586 3606 1725 3655 nasci

684 3662 967 3725 quemlibet
1001 3671 1058 3713 et
1096 3664 1267 3715 vivere
1313 3669 1510 3734 antiqui
1550 3670 1726 3721 crede·

684 3724 828 3785 bant,
847 3742 996 3792 quem
1032 3736 1307 3841 propterea
1343 3736 1613 3798 quotannis
1645 3748 1728 3785 co-

682 3787 864 3844 lebant
885 3793 967 3844 die
987 3793 1128 3842 natal
1148 3827 1161 3842 .

1884 720 1996 769 Noa
2033 724 2091 768 ta
2127 733 2283 783 prece,
2334 717 2441 781 θα]
2525 716 2574 768 Ο
2624 715 2857 766 Macrine

1798 785 2028 847 ‘optime,
2057 797 2157 831 non
2192 783 2404 847 perinde
2425 796 2485 831 ac
2508 781 2650 831 avari
2671 781 2855 845 injusta

1813 854 1931 895 vota
1955 847 2074 895 Diis
2093 861 2370 910 nuncupas.

1874 910 2069 973 Benaci]
2124 911 2458 974 Impudenter
2480 916 2536 958 et
2556 910 2625 958 im
2665 909 2715 958 ie
2744 922 2855 958 cum

1810 974 2044 1026 Diis.ita
2083 974 2414 1039 paciscendo:
2466 971 2509 1022 si
2549 976 2601 1023 ui
2642 988 2727 1023 em
2767 974 2855 1022 boc

1817 1038 1899 1086 vel
1931 1037 2059 1087 illud
2096 1039 2217 1087 mibi
2238 1038 2514 1103 largimini,
2617 1053 2646 1088 c
2689 1044 2746 1087 et
2777 1037 2857 1085 illa

1815 1099 1953 1149 dona
1974 1103 2252 1165 rependam
2288 1118 2383 1167 ego
2408 1102 2574 1152 vobis.
2640 1102 2858 1162 Platojn

1820 1165 2158 1229 Eutypbrone
2211 1167 2285 1216 ait
2367 1168 2648 1217 uorundam
2688 1172 2861 1231 peten-

1817 1229 1945 1278 tium
1967 1230 2263 1294 religionem
2283 1232 2335 1280 vi
2372 1233 2449 1294 eri
2467 1239 2694 1282 mutuam
2721 1233 2858 1280 Deos

1816 1291 1956 1343 inter
1977 1302 2032 1344 et
2048 1295 2275 1345 homines
2290 1296 2724 1345 nundinationem.
2764 1294 2860 1343 Pe·

1818 1359 2013 1409 tronius
2068 1359 2134 1407 de
2186 1360 2317 1408 illis:
2372 1359 2630 1420 ‘Statim,'
2675 1358 2861 1421 inquit,

1816 1422 1833 1449 ‘
1852 1430 2122 1485 antequam
2159 1423 2311 1472 limen
2349 1422 2588 1485 Capitolii
2629 1427 2861 1483 tangant,

1816 1486 1942 1534 alius
1994 1486 2179 1534 donum
2233 1485 2505 1548 promittit,
2552 1484 2593 1532 si
2645 1484 2859 1545 propin-

1810 1564 1961 1615 quum
1985 1549 2194 1598 divitem
2216 1547 2484 1608 extulerit5
2518 1546 2645 1596 alius
2673 1547 2716 1596 si
2739 1546 2851 1595 the-

1810 1629 2010 1663 saurum
2033 1611 2302 1673 effoderit,’
2320 1616 2419 1661 ὅτε.

1939 1677 2172 1740 Sedactiu]
2236 1677 2394 1729 Quasi
2420 1690 2650 1726 seorsum
2684 1673 2860 1724 ductis

1813 1749 1870 1792 et
1908 1744 2059 1803 clam,
2099 1743 2219 1806 quia
2254 1741 2416 1805 pudet
2454 1740 2706 1804 ejusmodi
2741 1745 2861 1788 vota

1816 1807 1982 1871 palam
2024 1807 2196 1856 facere
2234 1813 2290 1855 et
2332 1820 2505 1856 coram
2556 1804 2861 1867 hominibus,

1852 1886 2029 1921 uorum
2067 1867 2179 1920 illos
2214 1886 2313 1920 non
2337 1870 2496 1934 pudet
2517 1884 2695 1920 coram
2729 1868 2860 1919 Diis.

1885 1936 1923 1984 ii
1943 1936 2210 2000 explicant
2228 1935 2482 1999 corruptis
2503 1949 2602 1999 per
2626 1948 2862 1984 munera:

1813 2000 1905 2049 sed
1928 2015 2028 2049 non
2051 2002 2237 2064 placet.

1877 2064 2115 2127 Nequam]
2180 2064 2244 2114 Id
2282 2069 2382 2125 est,
2420 2077 2521 2112 non
2554 2064 2767 2125 audeas,
2785 2061 2863 2111 vel

1812 2140 1912 2176 non
1933 2129 2096 2241 piossis
2119 2129 2229 2255 {¹¹3²
2252 2127 2467 2241 pudpre,
2486 2133 2542 2178 et
2561 2129 2836 2242 maamad

1986 2207 2117 2241 cer-ra
2224 2208 2353 2242 ases
2412 2208 2464 2241 ιιι
2532 2208 2604 2242 no
2692 2207 2747 2240 ns
2838 2215 2858 2227 ·

1811 2254 2050 2303 olendum
2074 2256 2300 2317 ponitur.
2338 2209 2568 2307 Tacitffm
2600 2262 2748 2307 vocat
2764 2266 2858 2317 per

1810 2318 2196 2380 metonymiam:
2235 2320 2289 2369 id
2313 2327 2413 2386 est,
2432 2322 2507 2371 illi
2531 2322 2689 2372 taciti
2701 2318 2860 2369 libant

1808 2393 2002 2430 acerra.
2086 2383 2252 2433 Porro
2311 2398 2542 2436 acerram
2589 2382 2867 2451 improprie

1810 2445 2117 2496 Proceribus
2152 2447 2336 2498 tribuit
2369 2450 2724 2502 bic-Persius:
2757 2462 2869 2499 nam

1810 2509 1999 2559 divites
2023 2512 2087 2560 de
2105 2512 2254 2563 lance
2274 2515 2478 2578 copiosa
2496 2514 2693 2578 libant,
2717 2522 2775 2565 ut
2794 2518 2869 2563 est

1807 2574 1859 2623 in
1884 2573 1986 2624 fine
2007 2576 2158 2640 hujus
2181 2579 2388 2627 Satirae:
2414 2592 2679 2642 pauperes
2698 2586 2865 2629 autem

1810 2653 2005 2702 acerra,
2028 2642 2079 2689 id
2101 2650 2200 2702 est,
2222 2656 2388 2705 pauca
2409 2642 2577 2694 thuris
2614 2659 2793 2709 grana,
2812 2648 2866 2691 et

1811 2704 1993 2766 tribus,
2042 2711 2099 2753 ut
2146 2708 2308 2768 aiunt,
2360 2706 2533 2770 digitis
2593 2710 2861 2773 prehensa.

1810 2766 1966 2818 ovid.
1988 2769 2023 2816 l.
2048 2784 2126 2819 iv.
2165 2772 2229 2820 de
2254 2772 2423 2821 Ponto
2446 2773 2598 2836 Eleg.
2623 2779 2672 2823 8.
2712 2777 2726 2800 ‘
2750 2775 2867 2822 Nec

1811 2847 1925 2897 quat.
1945 2833 2011 2881 de
2032 2848 2192 2898 parva
2216 2850 2412 2900 pauper
2432 2836 2551 2885 Diis
2573 2837 2708 2883 libat
2726 2849 2872 2884 acer-

1811 2910 1897 2957 ra3
1927 2898 2096 2948 Thura
2130 2901 2293 2950 minus
2330 2898 2504 2962 grandi
2541 2911 2699 2959 quam
2737 2898 2866 2947 data

1810 2960 1957 3011 lance
1980 2963 2188 3013 valent!
2532 2982 2542 2989 ·

1940 3027 2242 3091 Murmur-que
2295 3024 2568 3085 amnesque
2621 3026 2871 3090 οιισιιποι]

1808 3087 2223 3153 Interpretantur
2252 3087 2359 3136 fere
2389 3099 2561 3134 omues
2587 3087 2657 3135 de
2684 3090 2867 3140 tacitis

1806 3153 1943 3203 votis
1965 3162 2019 3202 et
2040 3154 2296 3215 precibus:
2333 3150 2500 3213 pauci,
2538 3150 2609 3201 de
2650 3153 2868 3204 immur-

1808 3217 2090 3266 muratidne
2130 3229 2249 3280 qua,
2291 3214 2411 3264 dum
2449 3216 2679 3281 quisque
2715 3220 2864 3269 Deos

1805 3286 1953 3342 rogat
1969 3278 2101 3341 quod
2125 3284 2295 3341 optat,
2318 3294 2445 3330 voce
2467 3280 2702 3344 subalta,
2736 3291 2867 3333 tem·

1804 3344 1941 3407 plum
1999 3338 2228 3392 confusis
2284 3344 2496 3395 vocibus
2551 3344 2869 3411 impleretur

1803 3405 2229 3471 turbareturque:
2287 3409 2424 3475 quod
2467 3410 2629 3460 etiam
2675 3413 2754 3462 illi
2802 3412 2868 3463 ad

1801 3470 2201 3521 ostentationem
2236 3472 2526 3524 faciebant:
2563 3478 2708 3526 unde
2744 3478 2871 3527 Per·

1801 3536 1903 3584 sius
1940 3549 2091 3585 mox:
2124 3552 2255 3587 meas
2286 3539 2539 3600 bonu,&c.
2586 3541 2692 3590 ltaec
2730 3544 2869 3592 clare.

1803 3600 1904 3650 His
1935 3615 2035 3664 ego
2068 3602 2338 3667 astipulor,
2367 3618 2432 3652 ne
2455 3603 2707 3655 videatur
2745 3608 2872 3659 Per·

1806 3666 1910 3716 sius
1929 3667 2107 3716 eadem
2131 3670 2317 3732 saepius
2337 3669 2622 3720 inculcare.

1939 3732 2120 3782 Tollere
2139 3734 2198 3782 de
2219 3733 2426 3797 templis]
2488 3734 2596 3784 Vix
2620 3748 2778 3800 queas
2799 3733 2867 3781 ir-

1810 3796 2075 3860 religiosos
2113 3804 2169 3846 et
2208 3798 2388 3864 impios
2427 3797 2517 3849 bos
2565 3805 2875 3862 precatores
