2884 4917
537 38 904 105 Foenisecae
934 58 1158 104 crasso
1187 39 1505 105 vitiarunt
1531 42 1812 123 unguine
1841 32 2098 124 pultes?
2632 32 2722 96 4⁰

537 124 715 188 Haec
742 126 953 189 cinere
979 127 1244 190 ulterior
1270 132 1524 190 metuas
1544 128 1574 189 ‘l
1622 131 1692 189 at
1718 132 1813 205 tu,
1842 145 2024 190 meus
2054 128 2265 190 haeres
2323 163 2329 168 -

534 208 856 293 Quisquis
884 213 1036 288 eriS,
1066 212 1335 294 paulum
1363 231 1407 276 a
1432 214 1621 276 turba
1650 211 1974 275 seductior
2004 210 2184 275 audi.

535 294 597 357 Ο
627 296 820 375 bone,
849 315 1002 359 num
1032 297 1289 378 ignoras
1309 300 1338 359 ‘l
1384 299 1595 362 missa
1622 303 1724 361 est
1752 316 1797 359 a
1825 296 2089 361 Caesare
2112 297 2333 360 laurus

535 377 868 463 Insignem
898 383 985 446 ob
1015 382 1272 447 cladem
1302 381 1654 447 Germanae
1682 382 1898 467 pubiS,
1925 389 1990 446 et
2013 383 2143 445 aris

605 545 820 596 Vestam
860 548 946 597 hoc
985 550 1132 599 maris
1171 551 1359 614 expers]
1434 551 1588 615 Saepe

529 610 723 675 legitur
742 617 967 663 nostran
1016 615 1183 664 Locus
1200 615 1479 665 etiamnum
1499 616 1589 665 ob-

530 689 732 734 scurus,
747 677 966 726 necdum
987 679 1112 727 satis
1134 679 1446 742 explicatus,
1468 687 1590 743 post

531 745 611 788 tot
649 739 909 790 doctorum
952 743 1306 805 Interpretum
1350 746 1587 795 lucubrum

531 803 716 855 tiones.
784 806 1007 857 Quidam
1025 808 1098 855 sic
1121 807 1444 868 intelligunt;
1476 822 1588 854 nos·

531 876 632 927 tra,
654 869 705 917 id
743 877 840 932 est,
880 871 1222 919 Romanorum
1254 869 1586 927 Philosophia

533 946 563 980 a
587 932 789 981 Graecis
813 933 1031 993 invecta,
1051 934 1386 990 marisca-pers,
1404 928 1458 974 id
1480 935 1583 988 est,

529 995 669 1055 salis,
692 1011 780 1045 seu
807 998 912 1043 sine
929 997 1052 1051 sale,
1076 996 1170 1039 lioc
1192 999 1294 1052 est,
1314 990 1508 1040 insulsa
1529 997 1585 1041 et

527 1064 785 1121 corrupta.
851 1056 1182 1105 casaubonus
1223 1062 1393 1104 tamen
1425 1055 1590 1119 expli-

527 1128 639 1180 cat;
693 1120 838 1167 maris
879 1132 1065 1180 expers,
1109 1118 1161 1167 id
1206 1125 1305 1179 est,
1344 1120 1586 1169 masculae

526 1183 727 1231 virtutis
762 1182 1013 1244 msJorum
1048 1188 1341 1232 nostrorum
1381 1198 1587 1247 expers.

526 1245 676 1307 Aliis,
695 1248 843 1295 moris
875 1261 1059 1309 expers,
1081 1254 1163 1298 est
1184 1262 1300 1311 quae
1323 1262 1465 1297 mare
1488 1262 1588 1297 non

525 1312 806 1372 transierit,
829 1311 915 1359 sed
940 1311 1147 1361 minime
1170 1315 1359 1374 placet.

658 1376 908 1425 Foeui'secoe
938 1390 1091 1424 crosso
1127 1376 1360 1426 citiorum
1381 1376 1589 1439 ung-uine

519 1440 698 1504 pultes]
749 1440 830 1488 Ex
852 1454 913 1488 eo
932 1446 1164 1503 tempore
1188 1440 1317 1490 adeo
1339 1449 1459 1490 sunt
1480 1456 1585 1491 om·

523 1506 607 1553 nia
628 1504 933 1567 depravata,
952 1512 1009 1553 ut
1043 1504 1247 1555 viliores
1271 1506 1463 1569 quique
1482 1520 1587 1554 rus-

525 1569 637 1629 tici,
672 1570 847 1644 quales
885 1575 1003 1617 sunt
1044 1569 1131 1633 qui
1174 1568 1362 1618 foenum
1384 1577 1583 1630 secant,

525 1632 754 1683 lautitias
778 1633 1124 1697 quaesiverint.
1192 1634 1329 1683 Hinc
1354 1634 1584 1683 ciborum

525 1695 904 1760 simplicitatem
938 1696 1124 1745 additis
1156 1697 1497 1749 condimentis
1516 1700 1586 1748 vi-

523 1760 726 1820 tiarunt,
750 1769 807 1811 et
828 1762 970 1826 quasi
1008 1761 1284 1821 violarunt,
1319 1769 1474 1826 atque
1496 1763 1586 1812 ad·

522 1825 742 1873 miscere
765 1825 898 1888 pulti
921 1834 1192 1890 coeperunt
1218 1827 1441 1891 adipem,
1463 1831 1585 1877 aute

495 1888 921 1953 ,simplicioribus
980 1891 1214 1940 contenti
1251 1892 1397 1941 cibis.
1460 1892 1583 1942 Juv.

521 1953 634 2003 Sat.
659 1967 737 2005 xi.
760 1967 835 2003 vs.
860 1958 942 2003 79.
1009 1956 1025 1983 ‘
1049 1956 1172 2019 Ipse
1194 1954 1326 2005 focis
1346 1956 1583 2006 brevibus

522 2018 750 2095 ponebat
784 2019 1027 2080 oluscula,
1057 2034 1172 2097 quat
1193 2034 1329 2070 nune
1362 2021 1398 2070 S
1436 2020 1581 2069 ualli-

524 2081 711 2169 dus71u
750 2097 934 2147 magna
967 2083 1172 2134 fastidit
1203 2098 1388 2149 compe
1426 2083 1580 2134 efos-

524 2160 834 2275 βωῦηςιιὶπε]
875 2214 1094 2275 Unguen,
1125 2217 1363 2274 unctura,
1402 2212 1579 2263 condi-

519 2282 768 2325 mentum.
800 2279 816 2304 ⁴
840 2278 1017 2324 Solent
1050 2277 1242 2338 rustici,
1267 2291 1384 2325 cum
1405 2278 1576 2332 oleum

520 2337 763 2399 defuerit,
796 2339 1051 2400 pecudum
1087 2339 1240 2401 adipe
1283 2339 1335 2385 in
1378 2339 1575 2399 pultem

517 2400 691 2456 misso,
732 2413 826 2458 pro
871 2401 984 2445 oleo
1028 2400 1101 2444 uti
1118 2399 1150 2458 ς’
1202 2399 1372 2459 inquit
1420 2403 1572 2448 vetus

518 2460 772 2591 Οιῖὶῗιῖἑε]
804 2525 961 2575 Cibus
998 2531 1115 2576 erat
1147 2525 1520 2577 vetustissimus
1548 2540 1578 2577 e

519 2588 687 2639 farina
708 2596 764 2639 et
786 2605 950 2655 aqua;
983 2590 1241 2641 interdum
1258 2598 1315 2641 et
1330 2606 1396 2641 ex
1413 2606 1580 2657 caseo,

512 2656 692 2718 melle,
726 2663 782 2705 et
817 2656 924 2704 ovis
961 2656 1215 2712 decoctis.
1250 2657 1493 2705 Romanis
1526 2671 1580 2706 o-

518 2720 611 2769 lim
636 2734 730 2784 pro
754 2735 898 2785 pane⁴
919 2719 1021 2770 fuit
1056 2721 1191 2784 puls:
1241 2720 1379 2771 Plin.
1412 2734 1580 2771 xviii.

488 2785 571 2835 ’8.
613 2792 667 2833 et
706 2782 880 2835 valer.
931 2786 1150 2835 Maxim.
1190 2798 1254 2834 ιι.
1293 2791 1341 2834 5.
1406 2785 1579 2835 Pultis

520 2856 694 2899 autem
713 2852 865 2911 paulo
895 2848 1108 2899 diversae
1129 2848 1360 2897 meminit
1383 2846 1574 2899 Athen.

522 2926 640 2963 xiv.
673 2918 752 2962 1⁵.
792 2922 848 2963 et
882 2917 960 2964 16.
1028 2912 1358 2961 Casaubonus
1389 2911 1457 2959 ad
1476 2914 1575 2963 lioc

519 2982 673 3027 culfi,
707 2976 896 3027 Athen.
916 2978 1077 3025 multa
1097 2990 1187 3023 suo
1207 2988 1349 3023 more
1372 2975 1577 3037 profert

519 3038 800 3089 reconditas
838 3038 1168 3096 eruditionis3
1219 3043 1275 3086 et
1298 3037 1574 3090 discrimen

557 3103 667 3153 onit
683 3103 818 3151 inter
834 3103 1017 3149 πόλτον
1037 3101 1338 3152 Graecornm
1355 3118 1384 3153 e
1406 3102 1576 3155 farina

541 3169 735 3218 abacea
766 3173 985 3227 tantum,
1007 3173 1065 3216 et
1085 3166 1429 3216 Romanorum
1466 3170 1576 3233 pul·

519 3239 644 3296 tem,
665 3245 813 3296 quam
850 3230 1048 3280 Graecis
1083 3232 1312 3295 ignotam
1330 3230 1486 3281 fuisse
1507 3248 1573 3283 ex

519 3297 694 3346 Plinio
717 3291 955 3359 affirmat,
974 3303 1028 3346 et
1062 3298 1145 3346 cui
1168 3296 1327 3346 inulta
1347 3296 1449 3346 alia
1484 3298 1572 3347 ad-

517 3360 883 3410 miscebantur.

653 3425 773 3473 Haec
791 3427 945 3475 cinere
984 3426 1182 3475 ulterior
1211 3426 1412 3489 meam]
1486 3426 1572 3477 Ita

516 3490 687 3552 surgit
739 3490 791 3538 in
844 3502 1049 3538 avarum
1103 3490 1298 3540 Poeta:
1366 3491 1570 3542 scilicet

517 3554 668 3604 times
683 3568 798 3618 quae
821 3554 915 3603 tibi
937 3562 1138 3605 mortuo
1161 3563 1282 3605 sunt
1300 3562 1569 3605 eventura.

518 3620 569 3667 0
593 3618 801 3677 stultus,
826 3618 913 3682 qni
935 3626 1049 3683 post
1070 3626 1284 3669 mortem
1310 3619 1570 3670 liaeredem

516 3684 728 3733 metuis!
765 3684 951 3733 Horat.
981 3684 1096 3732 loco
1115 3691 1237 3734 aute
1258 3684 1348 3735 cit.
1410 3685 1427 3712 ‘
1452 3685 1567 3734 Nec

517 3756 740 3800 metuam
763 3748 884 3814 quid
926 3747 990 3798 de
1023 3762 1104 3797 me
1132 3749 1340 3813 judicet
1367 3748 1569 3813 baeres,’

1668 552 1768 599 ἔω.
1798 547 1985 612 virgil.
2007 547 2121 597 AEn.
2144 561 2206 596 ii.
2256 547 2272 574 ‘
2298 544 2487 595 Facilis
2510 542 2723 607 jactura

1668 614 1892 677 sepulcri
1915 617 2029 664 est!

1736 679 1932 741 cinere]
1980 676 2187 726 Cineres
2234 673 2379 735 dicit,
2415 671 2546 737 quia.
2567 670 2725 720 cada-

1666 756 1792 791 vera
1826 740 2273 801 comburebantur,
2296 746 2352 788 ut
2375 744 2498 788 ante
2521 736 2720 785 dictum

1668 812 1767 852 est.

1726 870 1799 913 At
1818 871 1891 925 ea,
1914 882 2044 915 meus
2058 866 2229 928 liaeres]
2280 865 2352 915 At
2374 878 2474 929 ego
2497 879 2598 914 non
2612 879 2728 914 >me-

1660 932 1753 973 tuo
1769 928 1987 976 boeredis
2010 931 2189 988 niiuas,
2208 930 2334 992 quin
2366 929 2442 976 illi
2466 929 2568 992 ipsi
2591 930 2726 979 occi·

1664 1004 1731 1038 no
1749 996 1943 1038 sumtus
1962 1004 1994 1038 a
2012 1004 2094 1038 me
2119 990 2396 1038 faciendos.

1794 1053 1996 1102 Paulum
2017 1069 2047 1101 α
2077 1054 2216 1101 turba
2249 1054 2500 1116 seductior]
2568 1056 2724 1105 Post-

1667 1117 1847 1194 positis
1870 1125 1925 1167 et
1946 1117 2202 1180 neglectis
2218 1118 2363 1180 vulgi
2379 1119 2726 1183 opinionibus,

1666 1182 1975 1243 ignorantia,
1997 1182 2131 1231 odio.
2165 1182 2312 1231 Pers.
2334 1182 2446 1231 Sat.
2468 1198 2518 1233 v.
2543 1198 2617 1234 vs.
2638 1186 2723 1234 96.

1667 1248 1683 1273 ‘
1708 1248 1971 1295 secretam
1992 1246 2173 1310 gannit
2195 1246 2245 1294 iu
2264 1246 2475 1296 aurem!

1799 1312 1845 1359 0
1868 1310 1998 1372 boue,
2019 1326 2130 1359 itum
2148 1310 2363 1372 ignoras]
2424 1309 2638 1359 Adeone
2660 1325 2721 1360 es

1664 1374 2725 1503 {32350‘321222‘3'0‘§22322‘51222113322

1664 1517 1764 1553 non
1788 1518 1898 1553 esse
1918 1503 2181 1552 liberalem
2205 1504 2255 1552 in
2274 1502 2452 1551 laetitia
2485 1516 2723 1551 commu-

1662 1567 1736 1629 ni,
1756 1575 1812 1663 e}
1832 1568 2050 1633 jubente
2072 1566 2460 1618 munificentiam
2482 1565 2725 1629 [inpera-

1665 1639 1775 1682 tore
1791 1668 1802 1679 .

1731 1697 1884 1746 Mism
1920 1702 1990 1747 est
2017 1714 2048 1746 α
2084 1699 2269 1747 Caesars
2307 1693 2489 1756 laurus]
2528 1694 2717 1744 Nescis

1664 1761 1845 1810 Caium
1884 1762 2166 1827 Caligulam
2214 1761 2410 1810 misisse
2447 1758 2514 1808 ad
2554 1760 2603 1807 S.
2649 1759 2716 1808 P.

1665 1826 1733 1877 Q.
1757 1827 1821 1875 R.
1846 1826 2022 1876 literas
2044 1828 2188 1876 lauro
2210 1831 2477 1875 coronatas
2498 1830 2555 1872 et
2576 1823 2717 1873 vinc-

1662 1895 1743 1938 tas
1766 1891 1856 1955 (ex
1894 1889 2058 1955 more)
2081 1897 2137 1939 et
2163 1890 2474 1952 triumphum
2503 1887 2718 1951 jussisse

1663 1955 1854 2018 parari,
1896 1954 2034 2019 quod
2086 1955 2370 2005 Germanos
2425 1951 2719 2015 debellarit,

1664 2026 1821 2082 atque
1843 2019 1894 2068 in
1913 2019 2136 2069 omnium
2159 2017 2292 2067 bona
2319 2018 2411 2081 jus
2444 2016 2510 2065 ab
2545 2031 2607 2065 eo
2628 2014 2716 2065 da·

1661 2090 1771 2132 tum
1807 2084 1910 2133 suis
1949 2081 2385 2147 procuratoribus,
2407 2088 2467 2130 ut
2498 2080 2576 2131 ait
2593 2082 2717 2130 Sue-

1661 2152 1768 2197 ton.
1794 2148 1908 2197 loco
1924 2163 2042 2197 mox
2066 2148 2293 2197 citando.

1728 2212 1934 2275 Caesaere]
1980 2211 2030 2260 A
2052 2212 2087 2262 J
2092 2210 2178 2260 ulii
2217 2210 2437 2260 Caesaris
2479 2207 2709 2271 tempori-

1654 2273 1758 2383 buls¹
1791 2289 1965 2323 omnes
1997 2276 2345 2335 Imperatores
2369 2275 2599 2323 Caesares
2619 2287 2712 2337 ap-

1692 2351 1720 2383 e
1762 2341 1852 2383 ati.

1651 2351 1689 2398 p
1720 2398 1927 2463 Laurus]
1947 2399 2137 2449 Litern
2158 2400 2427 2461 laureatae,
2447 2403 2513 2452 de
2530 2401 2712 2467 quibus

1656 2460 1794 2511 sicut
1831 2469 1889 2512 et
1929 2463 1996 2513 de
2040 2465 2184 2514 lauro
2245 2467 2474 2517 victoriae
2527 2466 2715 2530 indice,

1655 2519 1796 2579 Plin.
1819 2541 1912 2578 xv·
1936 2533 2018 2591 3⁰·
2050 2529 2160 2578 Tit.
2184 2530 2296 2580 Liv.
2319 2530 2355 2580 l.
2381 2547 2432 2582 v.
2454 2530 2715 2581 Ammiani.

1656 2590 1890 2644 Marcell.
1911 2593 1946 2641 l.
1966 2606 2059 2643 xv.
2108 2593 2336 2645 Martini.
2371 2596 2517 2661 Epig.
2538 2607 2633 2665 νῃ.
2657 2599 2715 2644 ιι.

1658 2661 1704 2705 5.
1728 2661 1775 2706 7.
1797 2664 1853 2707 et
1873 2657 2009 2706 alibi.
2076 2657 2195 2707 Mos
2214 2666 2330 2710 erat
2352 2660 2495 2719 olim,
2515 2666 2573 2709 ut
2591 2672 2715 2723 qno-

1658 2720 1757 2769 ties
1791 2720 1979 2784 insigni
2012 2720 2229 2771 victoria
2267 2725 2515 2773 Consules
2554 2723 2710 2787 potiti

1656 2791 1844 2846 essent,
1880 2784 1948 2833 ob
1988 2800 2070 2834 res
2108 2801 2356 2850 prospere
2388 2795 2578 2850 gestas,
2607 2787 2719 2835 lan·

1656 2848 1814 2897 restis
1852 2848 2077 2899 fascibus
2123 2852 2347 2914 praelatis
2385 2851 2710 2900 incederent.

1654 2912 1852 2962 Literas
1873 2914 2027 2963 etiam
2050 2915 2304 2965 laureatas
2322 2916 2528 2965 Romam
2548 2913 2712 2978 mitti,

1653 2985 1745 3026 aut
1766 2978 1977 3029 nuncios
2008 2993 2124 3028 cum
2144 2980 2331 3042 jaculis
2352 2977 2594 3028 laureatis,
2611 2977 2709 3026 ad-

1653 3041 2708 3159 3:¹232f21535m22233‘2322tffizxssss·

2693 3142 2715 3167 2

1655 3182 1716 3220 ac
1736 3170 1859 3220 laeta
1879 3179 1934 3221 et
1950 3185 2135 3235 magua
2154 3172 2193 3221 s*
2264 3170 2456 3234 ficare,
2479 3163 2708 3220 animad-

1652 3248 1857 3285 versum
1881 3244 1978 3286 est.
2004 3236 2152 3286 Alex.
2175 3252 2205 3285 a
2255 3235 2407 3286 Alex.
2430 3251 2468 3286 i.
2490 3240 2575 3286 27.

1781 3299 2021 3363 Insignem
2051 3300 2107 3349 ob
2140 3300 2337 3364 cludent]
2374 3295 2592 3361 Irouice,
2632 3297 2701 3347 de

1650 3361 1961 3414 Germanica
1972 3379 2072 3414 una
2088 3365 2336 3429 Caligula!
2357 3363 2705 3430 expeditione,

1648 3426 1702 3474 in
1724 3442 1824 3492 qua
1844 3428 1970 3478 nihil
2004 3429 2210 3493 dignum
2242 3430 2392 3481 laude
2413 3432 2479 3481 ab
2501 3444 2563 3479 eo
2593 3442 2704 3491 ges·

1649 3497 1757 3540 tum
1795 3499 1891 3543 est.
1957 3493 2092 3544 Vide
2126 3496 2339 3544 Sueton.
2377 3496 2430 3544 in
2451 3492 2697 3557 caligula,

1648 3569 1696 3604 c.
1731 3560 1811 3606 46.
1834 3564 1889 3607 et
1912 3573 2019 3623 seq.
2042 3558 2134 3607 ubi
2164 3557 2498 3623 Imperatoris
2518 3556 2699 3609 stolida

1648 3620 1879 3686 ambitio,
1920 3621 2159 3687 fictaeque
2199 3624 2432 3675 victoriae
2473 3624 2697 3674 referun-

1649 3690 1751 3735 tur.
2494 3707 2500 3714 ·

1685 3745 1963 3802 ‘Ger-mam
1997 3751 2160 3817 pubis]
2212 3754 2512 3806 Juventutis
2567 3754 2695 3803 Ger-
