2884 4917
507 50 555 116 J
558 68 744 115 amne
774 48 917 133 lyra
941 51 1009 113 et
1034 47 1266 112 tetrico
1299 48 1523 113 vivunt
1548 48 1669 113 tibi
1696 49 1957 133 pectine
1985 44 2291 112 cbordae‘l

505 134 677 200 Mire
707 135 933 220 opifex
961 133 1250 200 numeris
1279 139 1569 199 veterum
1604 131 1957 219 primordia
1982 153 2217 210 rerum,

502 219 725 305 Atque
754 241 999 286 marem
1027 221 1368 304 strepitum
1399 219 1549 285 fidis
1578 220 1930 310 intendisse
1956 218 2256 299 Latinae3

504 306 678 371 Mox
700 307 977 392 juvenes
1005 308 1247 389 agitare
1267 306 1488 390 jocoS‚
1517 312 1582 369 et
1609 307 1854 391 pollice
1882 307 2153 371 honesto
2641 300 2692 365 5

503 392 827 479 Egregius
854 392 1090 457 lusisse
1120 393 1341 456 senes!
1414 391 1599 456 -Mihi
1626 411 1797 457 nunc
1825 389 2032 474 Ligus
2059 410 2179 455 ora

502 563 609 611 late
630 560 833 625 ignibus
855 558 1156 624 abundanti,
1180 574 1297 610 cum
1319 559 1444 609 villa
1464 575 1558 609 sua

503 636 674 676 ustum
695 640 823 677 esse.
893 625 998 675 Hic
1022 639 1164 689 ergo,
1183 624 1301 674 dum
1335 625 1557 687 viveret,

502 691 673 741 Roma
710 690 774 739 ad
811 687 1025 740 Sabinos
1063 690 1352 741 necessario
1375 690 1557 739 transi·

501 756 611 818 bat,
646 754 735 804 ubi
771 754 987 804 brumali
1016 761 1269 817 tempore,
1302 753 1354 802 in
1387 753 1557 801 calido

502 822 623 871 loco
643 821 865 870 carmina
885 819 1177 868 scribebat.'
1219 819 1382 866 Favet
1397 817 1557 868 Quin-

503 885 586 935 til.
603 885 719 934 loco
737 886 828 934 cit.
852 883 941 946 qui
965 882 1183 932 Caesium
1201 880 1412 928 Bassum
1428 892 1553 951 pau-

506 950 557 997 lo
597 958 717 998 anre
759 948 963 1006 vixisse,
997 951 1052 993 et
1091 945 1242 1004 ‘post
1277 940 1553 990 Horatium

499 1013 673 1077 Lyrici
696 1009 938 1061 Carminis
959 1004 1159 1055 laudem
1182 1002 1394 1063 tulisse:
1418 1004 1510 1052 ait.

561 1073 756 1135 Sabino]
807 1071 997 1120 Sabina
1018 1076 1160 1118 terra
1179 1082 1303 1131 agro
1320 1069 1553 1118 Romano

495 1139 738 1201 contigua
759 1144 993 1184 veterem
1026 1132 1422 1198 appellationem
1457 1132 1556 1183 eti-

496 1215 699 1251 amnum
726 1199 939 1248 retinet.

623 1266 796 1314 Jeme
817 1261 946 1328 lyra]
999 1263 1187 1313 Jamne
1209 1261 1408 1326 Lyricis
1432 1263 1557 1313 Car·

496 1330 716 1380 minibus
769 1343 911 1377 more
962 1335 1052 1377 tuo
1101 1329 1356 1392 egregiam
1399 1342 1556 1377 navas

497 1394 743 1460 operam?

562 1458 721 1523 Lym]
792 1459 943 1521 Lyrae
985 1456 1223 1506 inventor
1265 1456 1555 1506 Mercurius

497 1525 741 1574 traditur.
802 1521 939 1571 vide
974 1521 1211 1570 Macrob.
1234 1521 1491 1571 saturnal.
1512 1534 1553 1570 ι.

499 1592 581 1639 19.
614 1587 767 1637 Alex.
791 1588 855 1636 ab
878 1587 1030 1636 Alex.
1055 1600 1116 1636 11.
1138 1591 1221 1635 25.
1392 1639 1401 1646 ‚

564 1653 748 1702 Tetrico
794 1651 958 1701 vivunt
1000 1650 1089 1699 tibi
1117 1650 1301 1715 pectine
1343 1647 1550 1712 chotdoe]

499 1716 582 1767 An
604 1716 811 1765 cbordae
836 1716 1044 1765 citharae
1064 1714 1174 1778 jam
1197 1729 1228 1763 a
1266 1721 1319 1764 te
1351 1715 1555 1778 pulsan-

496 1789 582 1831 tur
613 1780 839 1843 pectine,
873 1791 929 1829 et
967 1794 1147 1843 graves
1186 1777 1298 1829 soni
1336 1779 1554 1828 reddun-

495 1840 611 1895 tur'?
643 1846 826 1894 Tetrico
850 1845 903 1893 in
945 1844 1184 1908 gravibus
1217 1859 1276 1893 ac
1300 1844 1449 1893 seriis
1475 1860 1552 1892 ar-

496 1910 772 1974 gumentis,
806 1917 861 1959 et
893 1910 1070 1959 Stoico
1109 1909 1293 1970 dignis,
1327 1915 1385 1956 ut
1408 1909 1553 1957 aiunt

496 1976 673 2040 aliqui.
739 1975 860 2025 Fuit
888 1974 1024 2037 apud
1058 1974 1272 2023 Sabinos
1294 1988 1440 2023 mons
1465 1988 1552 2023 no-

496 2040 632 2088 mine
659 2040 895 2101 Tetricus,
918 2040 1008 2088 sed
1031 2040 1157 2087 nihil
1179 2038 1242 2087 ad
1266 2053 1392 2087 rem.

570 2103 767 2165 Vivant]
815 2105 951 2153 Dum
974 2111 1118 2152 muta
1128 2104 1277 2167 jacet
1299 2105 1427 2165 lyra,
1449 2104 1554 2151 vel-

496 2168 575 2217 nti
618 2176 819 2218 mortua
861 2175 974 2217 est:
1032 2175 1087 2216 at
1146 2163 1268 2217 cuni
1318 2169 1553 2230 pulsatur

494 2240 854 2296 moveturque,
909 2241 1016 2281 tum
1070 2232 1214 2296 loqui
1269 2241 1325 2279 et
1377 2231 1581 2279 vivere-

494 2296 719 2345 videtur.

623 2359 753 2405 Mire
793 2358 956 2417 ofiseoe
998 2357 1219 2413 numeris,
1259 2356 1367 2416 4⁴0]
1465 2358 1547 2402 Tu

491 2417 579 2482 qui
600 2420 793 2482 peritus
817 2434 872 2466 es
893 2417 1080 2466 fidibus
1104 2426 1305 2480 aptare,
1337 2425 1393 2466 et
1423 2418 1548 2467 Car-

492 2482 630 2531 mine
655 2482 840 2547 Lyrico
863 2482 1157 2532 describere
1179 2483 1460 2545 primordia
1494 2491 1552 2534 et

490 2548 720 2613 origines
745 2563 833 2597 seu
855 2562 1042 2610 rerum,
1059 2561 1151 2597 seu
1170 2548 1552 2612 vocabulorum,

493 2617 592 2663 διο.

566 2680 782 2729 Veterum
831 2679 1093 2742 primordia
1133 2677 1315 2740 vocum]

494 2742 844 2804 Casaubonus,
875 2744 1135 2807 primordia
1170 2756 1341 2805 rerum,
1380 2751 1437 2791 ut
1477 2746 1551 2791 in-

492 2810 759 2874 telligatur
800 2810 1012 2858 historia
1056 2808 1208 2870 primi
1267 2807 1545 2868 temporis;

490 2887 588 2923 nec
643 2874 779 2923 enim
834 2874 1026 2936 legitur
1083 2866 1311 2934 usqixam,
1365 2872 1551 2933 inquit,

1400 2679 1552 2741 Legit

488 2937 759 2999 scripsisse
781 2938 974 2985 Caesius
996 2937 1185 2983 Bassus
1221 2934 1284 2981 de
1322 2934 1552 2997 Origini·

491 2999 588 3047 bus
610 3015 810 3049 vocum.
842 2999 1118 3061 Explicant
1138 2997 1225 3045 alii
1247 2996 1313 3045 de
1337 3000 1547 3050 vocibus

491 3062 770 3127 antiquatis
805 3071 860 3110 et
884 3061 1152 3123 obsoletis,
1191 3075 1316 3125 quas
1356 3063 1548 3115 Bassus

489 3126 721 3177 versibus
743 3124 846 3174 suis
878 3125 1131 3174 insereret
1163 3138 1266 3175 non
1299 3126 1411 3176 sine
1432 3135 1570 3178 arte'

491 3198 545 3241 et
584 3192 790 3242 decore.
893 3188 1000 3238 Alii
1044 3195 1249 3240 veterum
1287 3193 1548 3256 primordia

489 3270 652 3305 υοσιιηι
703 3257 879 3305 dicunt
907 3302 916 3311 ,
941 3268 1051 3303 esse
1104 3256 1267 3320 ipsam
1323 3257 1548 3321 Possim,

487 3319 682 3384 quippe
714 3335 830 3383 quae
851 3327 973 3369 ante
995 3334 1196 3383 prosam
1222 3336 1253 3368 a
1271 3322 1547 3385 scriptori·

488 3382 589 3433 bns
608 3392 854 3449 usurpata
874 3382 1045 3435 fuerit.
1079 3386 1159 3434 Ex
1183 3385 1318 3435 Plin.
1339 3399 1437 3435 vn.
1462 3392 1545 3437 56.

487 3454 545 3497 et
568 3448 753 3499 Horat.
793 3449 858 3497 ad
883 3448 1117 3512 Pisones,
1154 3450 1241 3516 qui
1270 3452 1360 3512 ait,
1389 3454 1404 3477 ‘
1423 3449 1545 3502 Fuit

487 3513 600 3561 boec
620 3513 876 3576 sapientia
896 3515 1170 3577 quondam,
1198 3515 1417 3565 Publica
1440 3517 1544 3579 pri·

485 3578 617 3627 vatis
639 3591 930 3638 secernere,
947 3594 1092 3629 sacra
1110 3580 1542 3643 profanise—Dic·

488 3650 559 3693 tae
581 3656 675 3707 per
696 3644 920 3693 carmina
941 3650 1133 3704 sortes3
1170 3646 1240 3693 Et
1261 3645 1384 3694 vitae
1401 3661 1540 3695 mon·

486 3714 652 3757 strata
687 3707 767 3757 via
787 3707 902 3770 est,’
942 3711 1039 3757 διο.
1103 3709 1295 3759 Verum
1320 3717 1540 3775 utraque

485 3768 601 3822 boec
626 3773 992 3839 interpretatio
1023 3772 1176 3835 longe
1213 3775 1377 3837 petita
1402 3775 1540 3824 vide·

1639 567 1742 610 tur.
1808 559 1988 611 Malim
2027 560 2039 571 ⁶
2078 559 2182 609 itur
2218 569 2331 608 cum
2371 554 2692 617 casaubono,

1640 632 1695 676 et
1717 625 1830 675 aliis
1854 625 2007 690 quibu
2072 639 2170 688 am,
2206 621 2445 685 θεογονίαν
2478 628 2533 670 et
2559 624 2687 681 μυθι-

1638 690 1829 766 appias«
1858 690 2163 754 intelligere,
2194 702 2290 752 per
2309 692 2514 737 veterum
2533 700 2691 735 rerum

1629 755 1909 815 prunnon-dia.

1765 819 1922 892 Atque

1630 880 1732 927 lers
1752 880 1983 927 scribere
2004 879 2143 929 forte
2165 887 2221 928 et
2243 893 2546 942 generosum
2570 878 2691 928 Car-

1630 955 1750 989 men
1791 942 2052 1003 Lyricum,
2091 942 2155 990 de
2230 957 2298 991 uo
2335 941 2594 991 Horatius
2628 942 2688 990 ad

1634 1005 1884 1055 Pisones:
1918 1008 1933 1032 ⁸
1951 1006 2108 1053 Musa
2129 1006 2193 1054 de
2232 1007 2274 1053 it
2293 1005 2483 1054 fidibus
2504 1006 2688 1068 Divos,

1635 1083 1923 1134 puerosque
1945 1069 2199 1130 Deorum,
2236 1070 2307 1118 Et
2342 1069 2570 1133 pugilem
2593 1071 2686 1120 vic-

1634 1142 1820 1197 torem,
1856 1140 1909 1183 et
1932 1148 2117 1197 equum
2140 1136 2423 1184 certamine
2456 1134 2689 1197 primum,

1634 1200 1704 1248 Et
1729 1198 1975 1262 juvenum
1999 1212 2169 1258 curas,
2191 1206 2246 1248 et
2284 1199 2446 1247 libera
2472 1200 2587 1248 vina
2610 1214 2685 1248 re·

1632 1262 1805 1313 ferre!
1871 1265 1940 1312 Et
1960 1262 2065 1312 Od.
2092 1268 2173 1311 13.
2197 1264 2235 1311 1.
2267 1275 2330 1312 ιι.
2367 1263 2440 1311 ait
2461 1262 2685 1312 Alcaeum

1627 1328 1813 1392 plenius
1840 1343 1978 1377 aureo
2011 1327 2232 1377 cecinisse
2256 1330 2434 1391 plectro
2468 1329 2582 1375 dara
2604 1343 2684 1376 na-

1633 1393 1725 1455 vis,
1744 1395 1863 1441 dum
1873 1391 2013 1457 fugoe
2033 1394 2175 1452 mala,
2196 1395 2313 1441 dura
2334 1392 2457 1440 beni.

1699 1457 1910 1519 Marem]
1976 1457 2060 1506 Sic
2086 1456 2331 1506 Horatius
2353 1456 2415 1503 ad
2435 1455 2683 1515 Pisones:

1631 1521 1647 1549 ‘
1667 1522 1798 1573 Post
1820 1522 1951 1571 hunc
1975 1521 2181 1585 insignis
2203 1521 2446 1570 Homerus
2469 1518 2682 1581 Tyrtae-

1634 1601 1816 1700 zsqneb
1833 1601 1998 1636 mares
2031 1586 2220 1699 ³2¹5¹²⁰⁸
2256 1585 2307 1633 in
2336 1582 2523 1633 Martia
2542 1583 2686 1633 bella

1684 1666 1780 1699 ersi
1819 1666 1875 1699 us
1892 1666 2073 1701 exacui
2101 1681 2141 1699 .-

1698 1716 1838 1765 Fidis
1858 1715 2111 1765 intendisse
2128 1711 2336 1775 Latinae]
2369 1709 2523 1775 Apud
2541 1711 2688 1761 Grae·

1634 1793 1724 1829 cos
1760 1781 1933 1844 Lyrici
1972 1780 2154 1829 Poetae
2189 1793 2369 1828 novem
2408 1789 2686 1825 memoran-

1634 1851 1737 1907 tur,
1759 1845 2095 1905 StesiclioruS,
2118 1842 2464 1902 Bacchilides,
2487 1841 2685 1904 Ibicus,

1633 1909 1923 1972 Anacreon,
1947 1910 2216 1972 Pindarus,
2245 1905 2548 1968 Simonides,
2569 1904 2684 1955 Alc-

1636 1989 1770 2037 man,
1792 1974 2017 2037 A-lcaeus,
2039 1975 2262 2037 Sappho,
2323 1972 2469 2021 uibus
2493 1970 2686 2020 addunt

1635 2036 1793 2103 aliqui
1838 2040 2149 2103 Corynnam,
2191 2045 2248 2087 ut
2286 1989 2441 2086 decas
2481 2036 2684 2099 implea-

1634 2112 1747 2163 tur;
1804 2112 1861 2152 at
1904 2104 2039 2166 apud
2086 2102 2299 2153 Latinos
2340 2100 2443 2149 duo
2489 2106 2678 2149 tantum

1633 2167 1886 2229 clai-nere,
1913 2169 2157 2217 Horatius
2179 2177 2233 2215 et
2258 2166 2456 2216 Caesius
2484 2166 2679 2227 Bassus,

1633 2241 1690 2280 ut
1713 2233 1787 2279 ait
1807 2232 2024 2282 Quintil.
2049 2246 2102 2281 x.
2130 2232 2299 2293 l.jam
2321 2230 2416 2280 cit.

1942 832 2116 865 marem
2134 816 2400 879 strepitum,
2433 814 2540 877 ςα]
2603 814 2692 863 So-

1584 2327 1590 2334 ·
1694 2295 1975 2357 Incendisse]
2036 2295 2268 2342 Intensio
2315 2307 2585 2343 nervorum
2623 2292 2674 2340 in

1626 2356 1823 2468 {ithara
1846 2358 2010 2406 varios
2048 2358 2189 2407 varia
2223 2372 2377 2407 sonos
2416 2367 2474 2409 et
2511 2357 2676 2407 modos

1654 2420 1772 2471 acit.

1759 2486 1882 2535 Mox
1902 2485 2101 2547 juvenes
2121 2486 2466 2550 agitarejocos]
2523 2488 2559 2537 J
2566 2501 2683 2535 uve·

1628 2549 1759 2600 niles
1795 2565 1964 2613 curas,
2002 2566 2220 2612 amores,
2251 2551 2415 2612 ludos,
2441 2551 2684 2599 convivia

1629 2616 1945 2665 describere.
2042 2617 2291 2666 Horatius
2344 2617 2453 2665 loco
2513 2614 2682 2664 citato

1631 2681 1784 2744 paulo
1807 2689 1948 2729 ante.

1695 2745 1868 2792 Pollice
1887 2745 2099 2807 honesto]
2163 2745 2403 2808 Tangens
2434 2744 2680 2793 citharam

1626 2809 1790 2871 pollice
1811 2809 2014 2867 Ιιοηεεὲο,
2036 2810 2089 2858 id
2125 2818 2224 2870 est,
2250 2810 2468 2873 insigues
2492 2810 2680 2858 virtute

1629 2873 1786 2934 viros,
1805 2874 2029 2929 „heroum
2063 2872 2200 2924 sacta
2221 2876 2503 2936 celebrans,
2522 2874 2680 2923 nobili

1629 2938 1865 2986 Carmine
1886 2946 1942 2989 et
1971 2939 2189 2995 glorioso
2210 2939 2596 3032 conatast-sine
2616 2953 2678 2988 ac

1627 3003 1893 3053 cecinisse.
1973 3003 2153 3066 virgil.
2199 3004 2310 3053 Ecl.
2354 3016 2392 3052 ι.
2480 3003 2679 3053 Ludere

1628 3081 1743 3130 quae
1766 3068 1948 3117 vellem
1972 3070 2169 3118 calamo
2199 3067 2433 3133 permisit
2453 3067 2677 3133 agresti!

1724 3133 1854 3181 Milu·
1872 3148 1992 3182 nunc
2006 3134 2157 3194 Ligus
2176 3149 2261 3181 ora
2280 3132 2485 3197 intepet]
2540 3133 2677 3181 Dum

1626 3201 1682 3244 tu
1705 3195 1758 3245 in
1780 3197 1984 3247 Sabinis
2007 3212 2213 3246 secessu
2249 3198 2440 3262 gaudes
2462 3204 2517 3247 et
2554 3197 2679 3247 libe·

1624 3260 1721 3310 rali
1748 3262 1882 3322 otio;
1915 3276 2012 3324 ego
2050 3263 2251 3323 pariter
2288 3259 2418 3313 urhe
2456 3261 2677 3322 cessi,et

1623 3326 1827 3398 quietus
1849 3340 1941 3388 ago
1959 3328 2009 3374 in
2029 3326 2251 3375 Lunensi
2270 3328 2410 3391 villa,
2431 3327 2516 3377 ubi
2535 3324 2679 3375 fruor

1622 3403 1739 3437 aere
1774 3398 2080 3454 temperato,
2101 3398 2157 3440 et
2189 3400 2372 3453 tepore
2409 3392 2677 3441 maritima

1623 3453 1864 3517 regionis.
1901 3455 2065 3505 Porro
2089 3455 2288 3506 addunt
2305 3464 2509 3507 veteres
2533 3456 2682 3504 Glos-

1622 3533 1713 3578 sae,
1749 3522 1763 3545 ⁸
1785 3520 2057 3569 secessisse
2091 3520 2214 3571 illuc
2252 3521 2487 3570 Persium
2520 3522 2571 3569 iu
2593 3520 2680 3569 Li·

1623 3583 1783 3644 guriae
1828 3583 1977 3643 fines,
2019 3584 2265 3635 videlicet
2305 3595 2521 3650 propter
2561 3586 2678 3634 Ful·

1620 3647 1756 3696 viam
1777 3649 2066 3703 Sisenniam
2096 3660 2312 3700 matrem
2344 3667 2507 3715 suam,
2543 3665 2675 3714 quae,

1621 3721 1740 3775 post
1780 3722 1996 3765 mortem
2031 3715 2217 3779 prioris
2255 3717 2372 3782 viri,
2405 3717 2477 3766 ibi
2515 3723 2675 3780 nupta

1621 3777 1770 3828 erat!
