2884 4917
560 438 695 492 statua
719 443 745 492 l.

110 577 226 646 Nonne
238 582 313 646 libet
325 582 543 648 medio-ceras
557 586 692 668 implere
708 590 862 671 capaces'

112 665 315 745 Quadriviol
337 689 412 733 cum
421 670 494 753 jam
510 675 606 733 sexta
621 675 749 736 cervice
762 674 881 737 seratur

113 747 198 817 Hinc
212 760 310 838 atque
323 755 399 818 inde
414 761 541 838 pateus,
556 775 598 819 ac
613 756 702 819 nuda
716 777 813 839 paene
827 758 988 838 cathedra,

112 836 152 902 Ei
163 841 298 905 multum
311 841 452 906 reserens
465 841 508 904 de
522 839 708 905 Maecenate
720 844 844 926 supino

105 1036 183 1072 cernas
197 1037 262 1074 vero
276 1024 377 1075 lionoris
397 1040 473 1076 causa
491 1023 629 1089 depositas,
669 1027 806 1092 ‘Sceptra
818 1041 950 1090 personas,
965 1033 992 1076 et
1008 1026 1123 1078 cubicula
1145 1026 1198 1077 via·

105 1087 178 1136 testis
189 1088 298 1138 sueton.
318 1089 386 1154 Aug.
398 1105 421 1140 c.
440 1095 481 1140 4⁰.
497 1099 524 1140 et
540 1092 630 1141 Claud.
670 1093 739 1141 toria
751 1092 887 1141 unionibus
907 1093 1090 1154 construebat,’
1107 1094 1198 1157 iuquit.

106 1161 129 1198 t.
140 1155 164 1201 d.
671 1158 706 1206 Et
716 1158 823 1205 Suetou.
842 1158 937 1206 Octar.
957 1171 981 1204 c.
998 1161 1039 1204 78.
1052 1165 1137 1206 narrat
1148 1157 1199 1210 Au·

166 1216 254 1266 Nom
271 1218 328 1268 libet
349 1218 506 1282 nediu,'l5c.]
533 1220 632 1272 Passim
671 1228 853 1284 gustantum
864 1221 993 1284 persicos
1010 1213 1200 1295 deportaretur,

103 1289 259 1330 occurrente
265 1282 345 1346 justa
360 1284 540 1347 indignationis
549 1294 577 1335 et
587 1285 632 1334 Sa·
672 1287 753 1336 somni
772 1285 939 1348 indigentem,
960 1286 1081 1349 deposita
1099 1285 1201 1350 lectica,

103 1343 158 1394 tica
178 1348 298 1408 materia,
317 1347 342 1396 iu
364 1349 457 1411 plateis
476 1364 524 1412 per
543 1349 632 1399 urbcrn
672 1350 801 1400 interdum
824 1363 871 1412 per
890 1351 986 1413 aliquas
1006 1364 1088 1399 moras
1110 1350 1202 1398 dormi·

104 1408 251 1470 ambulanti
267 1412 411 1474 milri.›Vel,
430 1413 455 1461 in
473 1413 631 1477 ipaupopuli
672 1414 749 1464 visse.
777 1415 839 1463 Erat
851 1429 928 1490 porro
943 1412 1037 1463 lectica
1054 1420 1125 1464 tecta
1144 1414 1201 1461 velo

102 1475 212 1526 tumultu
232 1475 328 1538 medio,
345 1477 371 1524 iu
389 1477 537 1541 quadriviis,
554 1477 632 1527 facile
672 1486 700 1528 et
711 1479 779 1542 pelle
791 1478 1014 1542 munsta,plagulis
1029 1478 1061 1527 ad
1073 1477 1202 1532 fenestras

101 1535 199 1588 Satires
212 1540 333 1602 scribam,
344 1556 392 1591 uec
403 1542 481 1590 animi
492 1543 634 1606 tranquilli·
672 1544 874 1608 appositis,quas
882 1557 1013 1591 removere
1024 1542 1063 1590 fas
1073 1550 1130 1591 erat
1141 1556 1201 1592 cum
1250 1551 1255 1566 ·

101 1608 181 1652 tatem
198 1611 229 1653 et
246 1619 375 1656 secessum
394 1607 505 1670 requiro,
523 1616 553 1655 ut
568 1608 631 1656 alias
671 1608 770 1657 libebat
780 1608 928 1671 prospicere
940 1608 1044 1656 volenti.
1072 1608 1151 1658 Patet
1167 1621 1201 1655 ex

99 1661 155 1740 lieri
165 1670 243 1732 solet,
254 1669 319 1718 adeo
335 1671 440 1734 copiosa
450 1686 524 1735 seges
540 1679 591 1732 est,
603 1677 633 1719 et
670 1673 778 1722 Suetou.
786 1673 868 1721 tite.
876 1677 915 1721 1⁰.
929 1673 1112 1721 ‘Cumlectica
1121 1680 1203 1722 trausr

96 1740 169 1792 justa
177 1732 320 1797 indignatio
328 1735 409 1784 acrba
419 1741 543 1785 etrersus
553 1736 630 1785 abun
669 1735 791 1800 ferretur,
817 1736 937 1799 suspexit
962 1736 1064 1785 dimotis
1090 1735 1201 1799 plagulis

100 1792 194 1845 dautes
204 1799 327 1860 suggerit.
670 1801 780 1851 culum?
810 1802 846 1850 Et
857 1801 972 1850 Martini.
991 1802 1008 1848 l.
1020 1814 1052 1849 n.
1069 1801 1144 1864 Epig.
1156 1804 1197 1849 99.

136 1859 212 1908 Ceras
230 1861 326 1925 impiere
344 1864 450 1927 capuces]
480 1863 574 1914 Libros
593 1865 630 1913 in·
671 1867 797 1915 ‘Lectica
814 1880 862 1915 nec
880 1873 907 1914 te
926 1873 983 1914 tuta
996 1850 1207 1939 pelleremque:

1 1934 2 1975 Τ
100 1928 189 1986 tegros
211 1925 328 1990 implere,
348 1944 394 1977 seu
413 1930 511 1993 arripias
530 1929 631 1978 tabulas
671 1927 729 1980 Nec
746 1930 887 1981 vindicabit
905 1929 971 1980 cella
986 1931 1080 1993 sapius
1097 1930 1194 1979 clausa.

100 1996 213 2051 ceratas,
224 1990 348 2068 inquibus
358 1992 464 2058 Antiqui
473 1994 632 2055 scribebant,
671 1993 791 2045 Aufidius
808 1997 903 2045 Bassus
920 1995 952 2045 de
973 2001 1059 2069 morte
1069 1992 1203 2067 Ciceronis

100 2061 129 2100 ut
140 2053 219 2104 docet
228 2055 389 2116 Priscianus,
400 2058 486 2108 etalii.
504 2060 545 2107 De
554 2074 632 2107 meru·
672 2061 698 2107 in
721 2061 815 2109 lectica
836 2065 908 2109 tecta
927 2060 1072 2117 interlecti,
1092 2058 1203 2105 ‘Cicero

1 2174 2 2193 ἶ
100 2115 187 2166 liranis
197 2127 225 2168 et
236 2135 336 2185 papyro
348 2123 415 2170 Plin.
425 2135 489 2171 xm.
500 2128 624 2172 ll.et12.
672 2126 776 2187 paulum
788 2132 887 2173 remoto
897 2124 966 2183 velo,
977 2121 1067 2169 ridens
1080 2128 1202 2182 armatos,

166 2184 311 2248 Quadrioio]
337 2186 419 2234 Iocus
448 2193 488 2235 est
514 2187 633 2249 publicus
672 2190 729 2251 Ego
750 2203 809 2238 voro
827 2188 949 2242 consisto,
968 2185 1019 2234 ait:
1038 2185 1135 2235 accede
1152 2185 1204 2233 Ve-

1 2284 2 2305 ,
98 2245 126 2295 iu
136 2263 216 2310 quem
228 2250 277 2297 ria
289 2255 399 2311 quatuor
410 2257 576 2298 concurrunt.
672 2259 774 2312 ternus,
784 2260 812 2301 et
829 2254 850 2301 si
867 2252 915 2300 hoc
935 2257 1010 2313 potes
1027 2251 1119 2299 saltem
1130 2255 1202 2298 recte

135 2312 546 2370 Cumjumscxtooeroicaseratur]
572 2314 636 2359 Cum
675 2314 772 2374 facere,
788 2316 874 2364 incide
892 2314 1037 2364 cervicem!
1065 2315 1132 2362 Haec
1149 2313 1202 2362 ille.

99 2373 220 2430 superbe
247 2371 361 2426 incedat,
385 2375 413 2414 et
433 2369 541 2416 rebatur
565 2370 640 2418 ltcxa·
677 2378 786 2423 Lectica
796 2379 839 2440 qui
847 2377 1203 2438 uehebaturjatccbatinpul·

1 2476 2 2481 ,
100 2434 197 2496 pboro,
206 2444 250 2478 seu
263 2429 357 2477 lectica
368 2442 413 2476 sex
425 2428 526 2477 famulis
537 2437 640 2488 gestata
679 2437 740 2479 rino
751 2438 893 2494 resupinus.
924 2438 1004 2484 Patet
1014 2453 1046 2483 ex
1059 2440 1117 2486 loco
1133 2439 1206 2488 Cice·

1 2546 2 2559 ,
98 2497 179 2546 bomo
202 2491 351 2557 flagitiosus,
379 2493 480 2556 etjam
499 2492 637 2554 delicatus,
676 2495 901 2543 renisiuVerrem
910 2497 1000 2544 citato.
1019 2499 1087 2546 ltem
1097 2500 1173 2549 Ouid.
1183 2514 1206 2551 1.

118 2562 143 2610 ui
175 2572 274 2624 pauper
300 2558 360 2606 olim
383 2564 410 2605 et
435 2556 551 2620 abjectus
569 2564 635 2608 erat.
675 2558 798 2608 deArtc.
821 2559 1010 2607 ‘Intercasive
1027 2561 1206 2613 illatlrorore·

128 2624 168 2674 uis
181 2639 244 2672 vero
261 2622 320 2670 ille?
343 2620 385 2670 An
397 2621 547 2685 Tigellinus,
557 2637 572 2670 a
583 2637 634 2686 quo
673 2624 765 2686 supina
774 2623 882 2681 ieretsu,
893 2624 1025 2672 Lecticam
1036 2624 1145 2674 dominae
1156 2628 1206 2678 dis·

100 2689 224 2739 feruutur
242 2686 326 2751 patrui
344 2693 396 2735 tras
413 2701 514 2736 veneno
527 2685 634 2751 sublati,
673 2689 825 2737 simulanter
844 2687 906 2737 adi!
945 2689 1076 2739 Lecticam
1094 2691 1141 2740 soli
1162 2693 1205 2742 bo·

101 2759 228 2819 corrupta
245 2752 347 2800 illorum
366 2757 532 2811 testamenta,
547 2759 576 2801 et
591 2766 649 2801 οο-Δ
673 2754 755 2803 mines
774 2753 912 2816 portabant
929 2754 974 2816 qui
991 2755 1118 2804 lecticarii
1136 2758 1204 2806 servi

1 2856 2 2867 ,
102 2827 197 2882 cupata
216 2815 377 2865 baereditas?
400 2814 442 2865 An
462 2817 500 2866 M.
519 2817 633 2881 Regulus
673 2817 843 2867 dicebantur:
864 2832 993 2881 utinquam
1008 2834 1068 2869 vero
1077 2821 1204 2884 jumenta.

100 2883 225 2947 bipedum
236 2881 413 2945 nequissimus,
428 2888 458 2929 ut
472 2881 572 2930 Plinius
589 2881 635 2940 ait,
674 2882 751 2933 Unde
762 2884 851 2932 laevam
863 2891 976 2932 mentem
989 2892 1016 2932 et
1035 2886 1154 2947 supinum
1164 2900 1205 2935 er·

102 2947 245 2998 condendis
255 2945 329 2994 falsis
341 2945 433 2996 tabulis
442 2952 470 2994 et
481 2945 635 2998 testimoniis
674 2962 758 2996 rorem
769 2949 911 3011 exprobrat
930 2948 998 2998 Just.
1017 2949 1118 3011 Lipsius
1131 2950 1204 2998 Lam·

101 3011 229 3072 famosus3
248 3012 292 3076 qui
308 3025 342 3058 cx
356 3024 471 3074 paupere
481 3017 511 3059 et
520 3011 636 3060 tenuiad
674 3011 744 3074 bino,
760 3012 803 3076 qui
825 3012 851 3060 iu
871 3012 925 3060 rita
945 3012 1075 3062 Ciceronis
1097 3013 1202 3063 scribit:

103 3092 208 3140 unques
232 3090 294 3139 opes
317 3088 364 3138 per
384 3072 483 3138 ilagitia
500 3075 636 3139 processit,
674 3076 841 3124 ‘llleautem
853 3076 1082 3125 militumadrenta
1096 3085 1205 3127 eastre·

102 3144 148 3192 dcc.
161 3141 232 3189 Plin.
245 3141 262 3188 l.
274 3154 306 3189 rr.
318 3140 366 3214 Ep.
379 3143 418 3189 2⁰.
438 3145 444 3198 Ι
675 3139 733 3203 pitu
750 3147 778 3188 et
791 3153 892 3187 rumore
903 3139 1015 3201 cognito,
1024 3141 1133 3200 primum
1145 3155 1205 3190 con-

167 3206 237 3253 Hiac
252 3209 322 3268 atquc
342 3206 397 3253 tude
414 3205 508 3269 meas]
535 3201 636 3266 Aperta
676 3204 767 3253 sistere
783 3217 872 3251 servos
887 3208 915 3250 et
926 3203 1044 3265 jumenta
1057 3204 1145 3265 jussit,
1162 3205 1205 3252 de·

104 3285 134 3319 ex
156 3278 270 3334 utroque
285 3272 369 3318 latere
385 3269 489 3328 lectica,
509 3283 536 3317 se
551 3274 636 3318 osteu-
677 3268 736 3317 inde
746 3265 957 3330 aperutectica,’
971 3271 1020 3316 dre.

101 3343 166 3385 taos.
194 3335 253 3383 Non
264 3333 365 3398 pigebit
376 3333 456 3382 multa
465 3333 507 3384 laic
518 3333 551 3382 dc
563 3332 637 3382 lecti·
709 3332 781 3381 Nuda
797 3347 864 3396 puae
882 3332 1005 3395 euletico]
1023 3330 1143 3396 Undique
1162 3346 1207 3395 pa·

103 3414 133 3448 ca
144 3393 288 3449 obseruare
304 3413 362 3447 cum
373 3398 474 3446 erardito
485 3398 561 3449 Justo
577 3397 637 3459 Lip-
677 3403 759 3458 tante,
770 3396 835 3446 adeo
844 3405 873 3446 ut
884 3403 912 3445 et
926 3397 1044 3459 pulvinus
1056 3401 1206 3460 appareret,

103 3464 148 3526 sio,
159 3465 313 3515 Electorum
326 3477 344 3511 1.
356 3467 395 3511 19.
408 3462 486 3511 Mitto
494 3462 562 3537 quod
571 3476 636 3510 mor·
676 3470 703 3511 et
714 3462 770 3524 ipse
779 3462 805 3511 iu
814 3461 919 3525 pulvino
926 3462 1038 3510 molliter
1046 3461 1207 3511 recumbens.

104 3531 154 3580 tuis
177 3543 301 3593 aqueae
324 3527 390 3575 viris
411 3525 524 3575 ferendis
543 3527 569 3574 in
588 3540 636 3574 trsu
676 3525 800 3577 Attamen
812 3526 913 3589 Lipsius
925 3527 980 3575 loco
995 3541 1054 3576 mox
1067 3526 1146 3576 citato
1156 3527 1205 3576 sel·

105 3591 200 3644 luerit:
223 3592 341 3657 quodque
359 3590 636 3653 videatureBitbynis
675 3592 727 3639 lam
747 3592 790 3641 bic
814 3597 889 3655 putat
908 3607 924 3638 a
943 3591 1069 3642 Juvenale
1088 3590 1206 3656 intelligi,

105 3667 150 3707 aut
172 3656 374 3721 Cappadocibus
398 3655 491 3719 petita.
524 3655 590 3703 tuti.
609 3654 636 3702 in
696 3655 882 3704 uamalectica
893 3655 1097 3719 distinguendam
1109 3655 1205 3705 ibidem

105 3717 250 3772 Vatreni.
275 3722 403 3772 ‘Namut
419 3735 474 3769 mus
490 3718 638 3783 sottssituy·
677 3671 764 3776 iiocet,
786 3726 814 3768 et
837 3720 968 3781 duplicem
993 3720 1092 3782 pariter
1115 3717 1204 3782 inisse,

107 3783 160 3833 uin
173 3786 283 3850 regibus,
298 3786 396 3835 lectica
412 3775 557 3848 ictopuoro
572 3782 638 3832 fere·
677 3782 754 3832 aliam
773 3784 956 3846 potentiorum,
972 3799 1029 3893 quas
1045 3783 1128 3831 laxior
1145 3793 1173 3834 et
1189 3800 1215 3833 a»

108 3848 204 3904 barm:
224 3852 315 3915 inquit,
330 3852 338 3878 ‘
353 3851 379 3899 in
388 3864 439 3914 qua
450 3856 508 3899 erat
519 3848 638 3911 pulvinus
678 3862 723 3896 sex
735 3847 812 3895 etiam
820 3847 962 3896 bominibus
983 3847 1118 3905 erebatur;
1129 3848 1205 3898 aliana

107 3911 263 3976 pellucidae,
274 3930 331 3965 rosa
346 3914 448 3964 fartus!
475 3912 513 3962 At
525 3912 592 3978 quod
604 3911 638 3960 ad
679 3911 829 3973 tenuiorum,
840 3926 896 3974 quac
909 3912 1006 3959 nriuuta
1024 3917 1051 3960 et
1063 3913 1167 3976 arctior,
1177 3922 1206 3966 et

109 3991 166 4026 rem
186 3987 336 4038 presentem
354 3979 435 4043 magia
452 3977 526 4039 sacit,
541 3976 638 4039 duplex
678 3991 694 4025 a
717 3975 816 4024 duobus
844 3976 924 4024 servis
946 3975 1095 4039 portabatur
1122 3977 1207 4039 facile,

111 4047 168 4090 erat
188 4040 298 4088 lectica:
317 4045 399 4093 altera
418 4049 519 4107 aperta,
537 4041 571 4090 de
588 4056 639 4105 qua
678 4055 737 4090 cum
749 4041 775 4088 in
793 4038 891 4088 circum
910 4048 956 4089 aut
972 4042 1099 4091 theatrum
1117 4043 1204 4098 ibant3

110 4105 152 4154 bic
169 4104 320 4162 iuvenalia
350 4109 432 4157 altera
451 4113 531 4166 tecta,
549 4111 640 4155 contra
679 4105 784 4155 undeet
805 4105 945 4167 gestatoria
959 4107 1023 4155 sella
1040 4114 1155 4170 vocatur,
1173 4105 1205 4155 ad

111 4169 217 4233 iujurias
231 4166 309 4227 aeris,
321 4175 347 4216 et
358 4171 484 4220 bominum
496 4177 639 4233 aspectum.
678 4169 832 4232 sedentariae
844 4170 913 4219 seila
924 4171 1068 4220 discrimen.

113 4232 187 4283 lianc
196 4233 299 4282 Plinius
307 4243 414 4282 xxxin.
423 4239 447 4284 a.
458 4235 641 4284 cubimlumuio·
745 4235 849 4283 Mutum
872 4235 985 4298 reserens]
1019 4237 1140 4300 linguam
1163 4233 1206 4278 bu

112 4298 197 4347 torum
223 4307 317 4358 rocat;
345 4297 449 4362 loquens
468 4299 500 4348 dc
528 4300 642 4362 Nerone,
681 4299 745 4350 bens
755 4299 945 4351 similitudinem
956 4315 1015 4350 cum
1024 4297 1167 4349 delicatulis
1178 4297 1206 4341 et

148 4377 234 4443 Delpb.
246 4381 305 4430 Jae.
1120 4373 1142 4419 Β
