2884 4917
693 58 1030 138 Quorsum
1055 57 1244 123 haec'l
1313 62 1431 122 aut
1460 62 1741 141 quantas
1765 54 2018 120 robusti
2046 53 2559 124 caminisoffas
2658 64 2673 72 ⁶
2760 56 2807 119 5

606 144 885 227 Ingeris,
913 150 989 210 ut
1017 164 1140 229 par
1169 146 1260 209 sit
1287 153 1564 210 centeno

1593 149 1845 227 gutture
1870 142 2032 206 nitit

607 229 873 297 Grande
899 231 1190 297 locuturi
1215 232 1491 297 nebulas
1520 230 1849 295 Helicone
1875 228 2161 309 legunto,

606 316 683 379 Si
713 317 957 399 quibus
987 322 1104 382 aut
1130 315 1451 395 ProcneS,
1482 322 1598 381 aut
1627 316 1688 379 si
1717 313 1954 398 quibus
1980 312 2109 376 olla
2134 309 2446 394 Thyesteo

606 399 940 482 Fervebit,
962 424 1147 487 saepe
1174 404 1428 468 insulso
1459 400 1783 467 coenanda
1809 397 2119 483 Glyconi.

607 487 711 552 Tu
740 508 956 573 neque
987 490 1340 568 anhelanti,
1372 489 1675 574 coquitur
1703 486 1855 550 dum
1885 502 2114 550 massa
2142 484 2424 561 camino,

611 713 675 748 ex
701 699 928 750 auricula
946 700 1147 760 dextra,
1179 700 1264 749 alii
1286 716 1315 750 e
1337 708 1550 763 pectore
1574 715 1666 750 seu

608 777 860 823 mamma;
911 764 1139 828 citatque
1184 764 1527 827 Propertium,
1572 764 1664 813 lib.

607 840 684 878 ιν.
719 829 864 891 Eleg.
895 828 1094 878 scilicet
1118 832 1194 878 11.
1242 829 1304 876 de
1343 828 1526 888 Gallis,
1574 827 1660 881 ubi

607 893 760 956 vulgo
791 894 991 954 legunt:
1029 891 1146 939 ‘lili
1181 891 1393 973 virgatis
1418 891 1659 953 jaculan-

608 956 679 1005 tis
715 954 781 1005 ab
818 955 1018 1017 agmine
1060 953 1275 1002 braccis.
1359 954 1514 1016 Legit
1535 967 1657 1002 vero

609 1019 931 1070 casaubonus
963 1018 1089 1076 illic,
1123 1017 1182 1083 ςιὺ
1214 1017 1424 1079 inguine,
1447 1016 1564 1078 sed,
1592 1032 1660 1066 an

597 1083 737 1146 jure,
759 1082 869 1142 ipse
891 1079 1096 1130 viderit.
1162 1081 1319 1131 Certe
1345 1082 1520 1131 malim
1543 1096 1662 1131 cum

607 1145 846 1194 Marcilio
888 1145 1155 1207 explicare
1189 1146 1426 1195 Persium
1456 1146 1564 1206 hic,
1598 1145 1663 1194 de

606 1208 814 1257 Parthis
851 1209 1117 1258 lethaliter
1156 1207 1210 1257 in
1248 1210 1459 1272 inguine
1488 1210 1665 1259 vulue-

603 1273 750 1335 ratis‚
771 1279 829 1322 et
848 1272 1062 1335 sagittas
1085 1274 1419 1337 extrahendo,
1446 1275 1665 1323 morien-

608 1336 760 1387 tibus.
827 1337 1095 1402 Numquid
1127 1340 1263 1387 enim
1287 1339 1501 1388 Romani
1532 1338 1666 1387 Poe·

609 1410 680 1452 tte
716 1402 769 1451 in
804 1401 979 1466 Epicis
1010 1402 1352 1466 Carminibus,
1385 1403 1452 1453 de
1482 1402 1666 1467 quibus

611 1466 824 1517 Persius
842 1467 937 1516 hoc
959 1466 1094 1529 loco,
1124 1465 1424 1518 laudassent
1445 1467 1665 1520 Parthos

610 1532 717 1581 tela
753 1530 1034 1593 vibrantes,
1077 1538 1134 1580 et
1167 1533 1406 1582 Romanis
1448 1540 1666 1582 mortem

611 1595 917 1657 inferentes,
930 1596 1102 1660 potius
1123 1612 1275 1662 quam
1300 1598 1525 1647 victores
1541 1596 1667 1646 Par-

609 1661 816 1711 thorum
857 1660 1140 1711 Romanos?
1193 1662 1346 1713 Quod
1378 1668 1550 1711 tamen
1594 1661 1670 1711 di·

611 1724 829 1775 cendum
861 1722 1015 1787 foret,
1047 1726 1091 1775 si
1123 1726 1335 1776 vulnera
1353 1734 1674 1777 sumerentur

610 1787 694 1838 hic
715 1788 905 1846 active,
927 1794 986 1838 ut
1007 1790 1166 1839 sentit
1185 1790 1532 1841 casaubonus.

680 1851 904 1915 Fer-nrm]
936 1853 1163 1918 sagittas
1197 1853 1336 1906 ferro
1372 1862 1596 1906 armatas
1617 1855 1671 1905 in

613 1918 846 1982 cuspide.
912 1918 1264 1983 synecdoche.

746 1981 982 2039 Quorsu-
1002 1983 1124 2048 Itoec]
1154 1984 1328 2050 Fingit
1347 1985 1559 2035 Persius
1589 1983 1675 2033 ad-

613 2060 728 2097 esse
757 2047 1042 2098 Cornutum
1073 2058 1474 2115 preceptorem,
1506 2056 1561 2098 et
1594 2062 1673 2098 re-

614 2110 867 2175 darguere
883 2112 986 2162 sic:
1022 2114 1160 2163 uude
1180 2128 1302 2164 vero
1323 2114 1438 2174 tibi,
1458 2129 1490 2163 o
1507 2113 1676 2175 Persi,

617 2174 873 2237 turgidum
895 2177 1022 2226 illud
1039 2176 1230 2227 Satirae
1254 2177 1588 2242 prooemium?

678 2242 785 2296 Aut
802 2245 1000 2303 quantas
1017 2240 1198 2288 robusti
1218 2242 1441 2290 carminis
1458 2240 1581 2303 offas
1601 2240 1672 2288 in·

611 2303 767 2364 teris]
829 2305 999 2351 Eccur
1043 2309 1213 2352 tantas
1252 2304 1527 2352 verborum
1568 2317 1670 2351 am·

600 2365 780 2427 -pnnas
804 2363 1043 2411 adhibes?

680 2425 880 2475 Robusti
899 2425 1147 2490 conuiuis]
1191 2426 1423 2488 Heroici,
1440 2427 1525 2477 vel
1545 2427 1670 2478 Tra·

651 2489 734 2540 ici.
798 2491 875 2541 Tu
897 2491 1136 2541 nimirum
1171 2507 1272 2542 non
1304 2493 1528 2543 Satiram
1551 2492 1674 2543 scri-

653 2570 740 2606 ere
764 2556 856 2605 sed
878 2557 1018 2620 Epos
1041 2556 1249 2608 videris.

687 2621 850 2686 Offae]
902 2621 1020 2688 offa
1058 2622 1247 2674 dicitur
1291 2623 1397 2673 cibi
1438 2622 1675 2688 globulus

620 2696 709 2738 ant
731 2685 968 2739 frustum.
1038 2688 1140 2738 Hic
1153 2688 1501 2753 metaphorice
1525 2689 1676 2753 signi-

617 2752 745 2803 ficat
768 2751 998 2803 inflatum
1021 2768 1247 2803 carmen.

756 2817 823 2866 Ue
839 2820 1003 2882 parsit
1019 2824 1207 2867 centeno
1308 2822 1412 2866 we
1424 2815 1542 2878 nien]
1576 2817 1676 2866 Ve-

620 2882 701 2931 lut
722 2881 788 2929 ad
814 2882 1143 2945 trajiciendas
1178 2897 1209 2929 o
1252 2896 1308 2930 as
1340 2881 1452 2928 illas
1475 2879 1679 2942 grandi·

624 2959 758 3004 ores,
777 2947 885 2995 sive
908 2947 972 2995 ad
997 2943 1332 3009 proferendos
1350 2957 1527 2992 versus
1548 2944 1678 2995 adeo

623 3014 908 3068 turgentes.

616 3078 622 3084 ·
753 3070 984 3130 Nebuhu]
1015 3069 1212 3117 Similia
1231 3069 1453 3133 nebulis,
1490 3069 1680 3135 inania,

621 3134 854 3247 auamvis
895 3133 1070 3195 specie
1121 3148 1321 3199 magna.
1391 3136 1579 3185 Horat.
1625 3138 1677 3185 in

676 3206 777 3260 rte,
810 3212 962 3260 augus
1001 3212 1211 3262 canoras,
1237 3206 1420 3250 vocat:
1463 3208 1519 3250 et
1539 3200 1681 3251 nabes

621 3268 670 3311 et
693 3264 854 3312 inania
874 3266 1063 3325 captare
1099 3277 1186 3312 eos
1223 3264 1370 3329 dicit,
1392 3266 1480 3330 qui
1521 3268 1678 3331 turgi-

623 3325 744 3376 dum
765 3326 992 3376 scribunt
1007 3342 1227 3379 carmen.

691 3391 918 3440 Helicone
936 3393 1147 3457 lementa]
1184 3394 1478 3444 Invocando
1501 3393 1680 3444 Musas

624 3462 680 3503 et
703 3453 1014 3518 Apollinem.
1081 3458 1211 3508 Vide
1233 3460 1284 3507 in
1312 3461 1549 3523 Prologo.

754 3520 811 3568 Sa·
832 3520 997 3583 quibus
1015 3527 1097 3570 md
1123 3523 1347 3584 Procnes,
1378 3524 1484 3588 qm]
1518 3524 1571 3572 Si
1594 3526 1681 3588 qui

627 3584 807 3634 volent
851 3585 1074 3634 scribere
1117 3588 1442 3652 Tragoediam
1488 3590 1571 3637 vel
1615 3590 1680 3637 ‹le

630 3649 812 3699 Procne
826 3648 1102 3699 Pandionis
1115 3649 1503 3702 Atheniensium
1522 3653 1682 3717 Regis

625 3710 751 3776 filia,
787 3714 939 3763 Terei
982 3715 1241 3765 Thracum
1285 3718 1440 3780 Regis
1486 3732 1673 3766 uxore:

624 3779 709 3827 vel
751 3778 816 3831 de
860 3777 1025 3829 Atreo
1066 3787 1123 3829 et
1162 3782 1382 3842 Thyeste
1426 3780 1675 3832 fratribus

2728 486 2822 551 10

1749 700 1886 764 apud
1927 696 2096 760 Argos
2136 711 2227 746 seu
2260 694 2317 744 M
2356 707 2507 744 cenas
2537 693 2831 758 regnanti-

1746 765 1862 823 bus,
1899 761 2247 812 invidentibus
2279 709 2379 807 sibi
2401 758 2645 822 invicem,
2683 759 2827 810 etin

1746 843 1860 877 sese
1885 827 2079 889 pariter
2102 824 2452 875 saevientibus.

1808 890 2035 953 Praenes]
2070 891 2201 941 Quae
2224 890 2395 938 Tereo
2417 885 2606 936 marito
2648 885 2822 937 filin-

1742 953 1870 1017 Ityn
1921 955 2164 1018 apposnit
2230 952 2563 1016 epulandum,
2630 950 2823 1002 dolote

1740 1018 1947 1082 percita
1962 1018 2099 1082 quod
2112 1017 2453 1066 Philomelam
2472 1030 2716 1072 sororem
2731 1017 2824 1065 ille

1740 1082 1997 1195 sstiasset.
2069 1081 2226 1132 Ovid.
2272 1079 2695 1145 Metamorphos.
2739 1093 2824 1129 vr.

1790 1161 1822 1195 a
1838 1163 1874 1195 ι.
1896 1150 1946 1195 7.

1815 1210 1929 1259 Olla
1966 1209 2205 1274 Ἥψατο]
2237 1208 2338 1262 Qui
2373 1224 2491 1259 suos
2523 1209 2640 1274 ipse
2679 1208 2823 1259 filios

1747 1272 1942 1351 inscius
1964 1274 2193 1351 comedit
2229 1275 2281 1323 in
2321 1273 2423 1322 olla
2443 1282 2621 1324 coctos
2648 1282 2712 1324 et
2735 1287 2827 1337 ap·

1745 1346 1944 1453 33:⁵23
1971 1338 2494 1476 2221‘32’05351222333:
2519 1335 2830 1452 {aasz

1743 1468 2056 1517 vindicante.
2132 1465 2266 1515 Vide
2308 1467 2553 1513 senecam
2594 1466 2831 1529 'rr-agie.

1744 1532 1796 1582 in
1817 1532 1897 1581 Th
1932 1536 2059 1579 este.

1919 1591 2117 1656 mebit]
2146 1590 2409 1653 Allegoria
2424 1590 2489 1639 ab
2505 1589 2609 1639 olla
2626 1589 2687 1639 in
2749 1606 2828 1641 ιιι

1747 1658 1982 1710 fervente
2006 1657 2146 1708 cocti
2166 1663 2284 1706 suut
2304 1654 2397 1704 filii
2413 1654 2565 1704 Terei
2588 1661 2653 1704 et.
2764 1671 2827 1719 y-

1748 1732 1874 1775 estae
1895 1742 1908 1774 ι
1943 1730 1996 1774 et
2018 1722 2195 1772 allusio
2216 1719 2278 1769 ad
2302 1719 2591 1783 Tragoedioe
2614 1721 2823 1784 stylum

1749 1788 2062 1840 concitatum
2086 1794 2143 1836 et
2166 1786 2536 1835 vehementem.
2601 1835 2617 1852 ,
2735 1822 2746 1830 ,

1830 1851 2089 1915 cenanda]
2152 1849 2605 1913 Repraesentanda
2672 1863 2823 1899 eoena

1750 1918 1907 1969 Terei
1923 1918 2234 1981 etThyestoe
2250 1915 2488 1979 proprios
2505 1911 2646 1963 filios
2665 1914 2818 1964 devo·

1754 1984 1993 2033 rantium.
2060 1980 2211 2032 Quod
2227 1989 2399 2030 tamen
2415 1979 2468 2027 in
2484 1978 2663 2029 Scene
2682 1978 2820 2027 exhi·

1754 2047 1867 2097 beri
1890 2053 2035 2096 vetat
2056 2043 2308 2096 Horatius
2340 2043 2392 2091 in
2415 2044 2572 2105 Arte,
2606 2043 2686 2092 his
2711 2056 2817 2091 ver·

1752 2110 1928 2160 sibus:
1964 2113 1980 2138 ‘
2003 2107 2123 2160 Non
2143 2116 2316 2159 tamen
2342 2109 2482 2157 intus
2504 2109 2691 2174 Digna
2707 2105 2812 2170 geri

1755 2190 1960 2239 promes
1976 2175 2029 2222 in
2046 2188 2274 2234 scenam,
2294 2175 2558 2238 multaque
2578 2171 2813 2223 tollesEx

1751 2239 1928 2300 oculis,
1949 2253 2064 2301 quae
2083 2252 2203 2287 mox
2219 2244 2399 2285 narret
2420 2236 2663 2287 facundia
2679 2248 2813 2297 prae·

1750 2316 1878 2350 sens.
1944 2302 2061 2350 Nec
2085 2315 2272 2364 pueros
2291 2315 2469 2351 coram
2489 2301 2682 2365 populo
2700 2298 2814 2347 Me·

1749 2364 1864 2413 daea
1879 2363 2108 2414 trucidet
2125 2380 2140 2425 3
2174 2364 2285 2413 Aut
2302 2366 2520 2415 humana
2544 2366 2723 2430 palam
2737 2377 2818 2413 co-

1751 2435 1879 2493 quat
1912 2431 2041 2478 'exta
2071 2426 2301 2479 nefarius
2342 2429 2570 2491 Atreum
2630 2432 2738 2480 Aut
2772 2428 2818 2477 iu

1754 2509 1901 2544 avem
1923 2494 2130 2557 Progne
2155 2495 2420 2554 vertatur‚'
2452 2499 2551 2545 dcc.

1823 2558 2053 2622 Glyconi]
2090 2559 2254 2608 Fatue
2274 2559 2541 2620 Tragoedo,
2574 2567 2819 2625 ternpore

1756 2622 2001 2685 Neronis,
2034 2623 2118 2687 qni
2152 2624 2275 2673 trita
2297 2630 2619 2684 argumenta
2640 2626 2821 2702 sapius

1756 2688 1820 2737 ad
1844 2702 2085 2737 nauseam
2109 2694 2393 2751 reponeret.
2454 2687 2541 2736 De
2565 2690 2820 2741 similibus

1754 2752 1988 2801 Martial.
2012 2752 2162 2816 Epig.
2187 2757 2302 2802 ΧΑ.
2357 2753 2372 2779 ‘
2392 2751 2493 2802 Qui
2511 2753 2658 2820 legis
2683 2752 2819 2804 OEdi·

1757 2817 1965 2881 podem,
1982 2817 2389 2881 caligantemque
2400 2817 2696 2881 Thyesten,
2709 2819 2819 2869 Col·

1757 2881 1950 2944 chidas,
1971 2891 2025 2931 et
2048 2881 2239 2945 Scyllas
2260 2898 2274 2941 ;
2310 2880 2432 2948 quid
2452 2882 2554 2932 nisi
2592 2891 2818 2933 monstra

1758 2945 1887 3010 legis
1904 2946 1938 2995 ?'
1983 2950 2082 2995 ἃς.
2190 2944 2329 2995 Hinc
2377 2946 2604 2997 insalsum
2667 2953 2820 2996 vocat

1760 3009 1995 3073 Persius,
2054 3017 2112 3060 ut
2156 3010 2229 3059 ait
2283 3019 2429 3061 vetus
2477 3010 2816 3075 Scholiastes,

1758 3078 1773 3102 ‘
1800 3083 1914 3125 erat
1932 3075 2065 3125 enim
2088 3074 2175 3123 ille
2198 3077 2402 3126 nescius
2416 3076 2626 3140 jocari:
2662 3091 2814 3143 quan-

1758 3155 1913 3203 quam
1936 3141 2125 3203 populo
2154 3139 2283 3189 mire
2314 3141 2531 3205 placuit,
2558 3152 2619 3194 et
2652 3143 2766 3193 ideo
2786 3155 2814 3190 ι

1760 3204 1967 3254 Nerone
2000 3203 2333 3252 manumissus
2356 3205 2471 3266 est,’
2503 3210 2612 3259 διο.

1892 3268 1962 3316 Tu
1978 3281 2122 3329 neque
2136 3266 2393 3330 anhelanti,
2414 3269 2522 3333 qe]
2597 3274 2670 3323 Tu
2688 3284 2815 3335 mag·

1758 3346 1824 3380 no
1847 3338 2031 3380 conatu
2054 3344 2227 3379 versus
2249 3331 2557 3395 magnificos
2585 3352 2684 3388 non
2707 3348 2812 3412 pro·

1759 3394 1880 3456 fers,
1902 3398 2083 3455 magno
2124 3395 2373 3459 anhelitu,
2396 3406 2451 3447 et
2490 3400 2813 3463 pulmonibus

1759 3459 2124 3509 laborantibus.
2189 3460 2306 3511 Nec
2327 3462 2404 3512 ita
2421 3465 2616 3516 scribis
2640 3472 2726 3515 aut
2748 3464 2812 3511 lo·

1758 3524 1949 3587 queris,
1966 3530 2023 3600 ut
2038 3524 2187 3602 folles
2199 3522 2380 3577 inflare
2397 3528 2651 3581 videaris:
2673 3527 2814 3604 adeq-

1759 3589 2625 3768 ἓὲθδὶξίῗιειεηᾟῗὶεῑιξιᾛῖῗιιεῗιῖιῖιιιιιι
2641 3594 2811 3719 ¹:323

1760 3732 1789 3767 a
1830 3734 1884 3767 es

1826 3783 2059 3846 cmiter
2078 3785 2188 3835 dan
2213 3799 2364 3836 nens
2393 3786 2596 3848 annino]
2625 3783 2685 3833 ln
2709 3779 2815 3858 for-q
