2884 4917
572 42 576 47 ⁴
628 50 992 118 Contentus
1019 74 1319 139 perages,
1348 56 1409 120 si
1434 57 1831 128 viverescum
1858 56 2028 125 Jove
2056 62 2295 127 tendis.

623 138 672 202 J
676 159 784 203 am
812 142 1038 224 pueris
1065 142 1300 225 pellem
1329 144 1706 207 succinctus
1734 154 1799 210 et
1826 148 2253 231 oenophorum
2281 152 2508 232 aptas:

2682 150 2811 218 140

558 298 566 306 ο
629 223 860 309 Ocyus
890 227 977 292 ad
1005 246 1278 292 navem:
1323 229 1484 292 nihil
1513 230 1756 307 obstat,
1788 232 1949 314 quin
1975 235 2377 300 trabe-vasta

628 310 938 394 AEgaeum
968 315 1214 397 rapine„
1244 315 1367 377 nisi
1398 315 1604 379 solers
1634 315 1901 381 luxuria
1928 325 2076 383 ante

629 396 988 464 Seductnm
1017 405 1310 469 moneat:
1359 399 1512 498 Quo
1538 400 1795 481 deinde,
1826 404 2082 482 insane,
2103 405 2287 469 ruis'l
2332 407 2514 490 quo‘!

625 596 817 648 nimum
848 600 1052 665 quidem
1091 601 1194 653 eibi
1231 603 1422 667 capies.
1490 602 1680 653 Horat.

623 661 726 717 Od.
755 679 814 714 ιι.
839 670 918 716 16.
957 669 972 695 ‘
993 667 1198 716 Vivitur
1228 683 1386 730 parvo
1410 668 1559 730 bene,
1594 670 1677 718 cui

621 736 896 793 paternum
932 732 1182 795 Splendet
1235 733 1284 779 in
1322 733 1496 781 mensa
1534 733 1695 804 tenui,

619 794 872 846 salinum.’
926 797 1156 851 ,Constat
1175 804 1315 845 certe
1337 797 1673 858 pauperrimis

622 858 741 907 olim
764 860 933 909 cibum
972 859 1126 908 fuisse
1159 859 1312 907 salem
1352 873 1467 909 eum
1506 873 1669 918 pane3

617 923 753 973 sicut
775 931 829 972 et
851 923 1246 972 Eremicolarum
1267 920 1668 970 Christianorum

619 986 890 1039 nonnullis.

758 1048 1031 1112 Contentus]
1105 1048 1316 1097 Frustra
1354 1047 1671 1121 leguntlali·

613 1113 1005 1179 quista-temtus.

677 1176 908 1240 Per-ages]
941 1178 1048 1227 Per
1081 1179 1244 1227 totam
1278 1175 1438 1229 vitam
1474 1191 1674 1241 pauper

611 1247 668 1292 et
686 1256 899 1319 egenus.
1242 1245 1246 1249 ’

671 1307 738 1357 S·
757 1322 912 1357 meere
925 1322 1032 1358 cum
1051 1306 1173 1356 Jove
1189 1304 1365 1368 tendis]
1413 1305 1469 1355 Si
1486 1301 1692 1358 Jovern'

614 1372 803 1421 babere
824 1372 1087 1436 placatum
1109 1378 1165 1419 et
1187 1369 1405 1419 amicum
1429 1369 1691 1435 intendis,-

603 1438 816 1500 integer
856 1437 997 1496 vitm,
1037 1435 1348 1499 scelerisque
1385 1449 1566 1501 purus,
1610 1454 1671 1487 ac

612 1516 811 1553 morum
833 1502 1125 1550 sanctitate.
1500 1505 1506 1511 ’

742 1569 856 1615 Jam
894 1566 1054 1630 pueris
1091 1563 1278 1629 p'ellem,
1331 1564 1436 1628 ξω]
1504 1567 1673 1616 Dama

615 1631 823 1682 tandem
847 1632 995 1683 Jovis
1029 1638 1086 1680 et
1122 1629 1450 1680 conscientiae
1475 1639 1668 1685 metum

613 1711 676 1746 ae
693 1697 927 1745 stimulos
948 1703 1340 1760 praetergressus
1363 1696 1593 1745 avaritiae
1612 1710 1668 1745 se

611 1760 786 1821 tradit,
804 1760 914 1823 ejus
931 1760 1097 1809 vietus
1116 1759 1449 1817 argumentis.
1473 1761 1667 1815 Verum

610 1824 715 1875 iter
737 1832 1001 1886 parantem
1018 1824 1082 1873 ad
1102 1823 1279 1887 ludoS,
1292 1831 1347 1873 et
1367 1824 1483 1873 navi
1501 1825 1670 1888 proxi-

611 1903 749 1939 mum
779 1889 891 1953 jam
930 1896 987 1939 et
1028 1890 1324 1951 expeditum
1365 1890 1667 1954 aggreditur

610 1954 832 2017 luxuria,
870 1954 1102 2004 deterret
1141 1954 1459 2019 retrahitque
1500 1962 1666 2003 osten-

610 2025 727 2069 tans
750 2018 981 2071 laborum
1021 2019 1257 2070 duritiam
1285 2025 1340 2067 et
1379 2019 1665 2084 longinque

610 2084 1301 2210 ωνίςαιίιῇῃὲεωοῑιὶειίαράει
1326 2084 1572 2159 pericula.
1617 2146 1665 2194 ‘d

673 2149 846 2200 Puera
977 2164 1075 2212 gun
1158 2163 1211 2197 m
1250 2162 1349 2207 am,
1386 2161 1581 2211 pueris,
1614 2162 1630 2195 ι

608 2219 707 2276 est,
747 2220 803 2262 tn
838 2215 952 2276 jam
992 2166 1221 2264 avari‘iiae
1263 2226 1435 2259 servus
1492 2212 1663 2274 pergis

606 2291 709 2340 quo
729 2278 1001 2325 vocatilla.
1069 2277 1170 2325 Sed
1195 2278 1480 2337 perperam.
1547 2276 1663 2322 Nec

603 2339 802 2398 melius,
837 2339 970 2400 qnod
1003 2339 1292 2400 suspicatur
1313 2351 1563 2386 nonnemo
1595 2338 1663 2383 le-

675 2400 828 2448 ndum
887 2406 1084 2462 postea,
1138 2405 1293 2462 aptus,
1354 2413 1466 2462 pro,
1505 2406 1657 2461 optas.

643 2479 725 2513 am
756 2462 992 2529 profecto
1025 2464 1173 2527 nugis
1205 2478 1365 2527 nugas
1396 2470 1550 2513 suunt
1573 2479 1660 2527 ap-

605 2536 821 2597 tantque
856 2536 912 2580 et
952 2530 1148 2579 somnia
1179 2526 1404 2592 somniis,
1438 2527 1525 2592 qui
1548 2529 1660 2582 aliis

602 2595 859 2648 insomnia
897 2595 1164 2661 objiciunt.
1252 2594 1353 2643 Hic
1397 2608 1518 2644 sane
1559 2610 1660 2645 non

601 2660 738 2712 bene
778 2676 931 2711 sanus
996 2660 1261 2711 Marcilius
1305 2658 1561 2720 videatur,
1606 2666 1663 2709 et

602 2727 738 2779 male
777 2726 1077 2777 casaubono
1114 2724 1343 2775 insidiari
1381 2724 1506 2772 alias
1546 2739 1659 2787 per·

602 2792 781 2912 apicas:
804 2798 859 2841 et
896 2792 1077 2854 solers,
1113 2804 1317 2854 semper
1349 2797 1523 2838 autem
1545 2803 1659 2861 eru·

661 2865 760 2906 ins.
862 2894 871 2902 .

665 2920 871 2984 Pellem]
903 2920 1159 2980 Sarcinas,
1179 2916 1455 2975 sacculum,
1480 2914 1533 2963 in
1555 2931 1658 2980 quo

596 2981 777 3034 itineri
837 2983 1154 3033 necessaria:
1223 2980 1305 3028 vel
1349 2995 1379 3027 e
1430 2980 1654 3043 pellibus

600 3046 807 3096 hirsutis
844 3054 1038 3096 vestem
1060 3045 1124 3093 ad
1162 3041 1325 3106 frigus
1349 3044 1656 3097 arcendum:

601 3110 668 3160 de
705 3124 808 3183 qua
843 3108 1112 3160 Juvenalis
1152 3116 1273 3157 ante
1314 3109 1504 3159 citatus
1544 3110 1654 3159 Sat.

601 3188 721 3226 xrv.
742 3178 853 3224 186.
874 3175 889 3202 ‘
914 3173 1016 3225 Qui
1038 3179 1324 3223 summovet
1347 3175 1510 3223 Euros
1536 3174 1655 3223 Pel·

599 3240 731 3292 libus
765 3238 1011 3291 inversis!
1079 3238 1148 3288 Et
1182 3238 1337 3288 ovid.
1373 3239 1536 3288 Trist.
1567 3252 1654 3288 ιιι.

601 3305 754 3369 Eleg.
779 3310 858 3357 10.
891 3306 907 3330 ‘
930 3304 1182 3365 Pellibus,
1222 3312 1277 3353 et
1313 3303 1441 3352 sutis
1476 3309 1654 3354 arcent

597 3370 734 3418 mala
757 3368 947 3433 frigora
974 3367 1208 3420 braccis!

662 3431 959 3495 buccinam]
974 3429 1230 3484 collectas
1254 3439 1310 3482 et
1330 3431 1654 3497 praecinctas,

596 3512 738 3547 more
779 3498 1049 3558 viatorum,
1084 3500 1192 3563 jam
1237 3508 1404 3548 vestes
1441 3498 1650 3546 habens.

598 3562 788 3613 Horat.
805 3562 916 3612 Sat.
937 3576 998 3612 11.
1017 3568 1066 3610 6.
1108 3568 1124 3591 ⁸
1149 3562 1320 3612 Veluti
1355 3562 1649 3613 succinctus

597 3626 811 3678 cursitat
831 3628 1050 3689 hospes.'

665 3690 1007 3755 OEnophorum]
1057 3692 1159 3740 Vas
1204 3691 1468 3741 vinarium.
1531 3691 1650 3739 Vox

597 3761 709 3805 tota
745 3757 936 3807 Gsaeca
966 3762 1087 3818 pst:
1133 3753 1288 3819 Οἶνος,
1317 3758 1492 3817 uinum,
1511 3754 1652 3818 φέρω,

591 3825 744 3877 porco.
792 3822 977 3872 Horat.
1009 3821 1120 3870 Sat.
1146 3833 1183 3869 ι.
1207 3825 1256 3869 θ.
1290 3823 1306 3848 ⁸
1326 3820 1489 3869 Pueri
1519 3822 1647 3869 lasa-

589 3893 710 3932 num
733 3894 1022 3949 portantes,
1043 3884 1511 3951 oenophommque.’

1797 670 1809 683 .
1824 604 2015 671 Aptas]
2035 605 2119 657 Ad
2143 620 2321 656 navem
2344 602 2622 655 deferenda
2648 602 2808 667 impo-

1758 684 1855 720 ms.

1890 736 2048 798 Ocyue
2091 738 2156 787 cd
2211 733 2393 797 moen]
2460 734 2617 783 Forte
2653 731 2809 784 verba

1754 805 1876 844 sunt
1899 800 2078 846 Dama·
2111 798 2408 875 imperantis
2439 812 2617 860 puero,
2638 804 2698 846 nt
2717 794 2801 845 des

1748 858 1883 907 ferre
1929 860 2144 913 festinet
2185 862 2475 926 impositum
2516 875 2675 910 onus:
2724 860 2802 909 vel

1745 928 1863 971 sunt
1888 921 2070 972 Poetae
2095 925 2159 973 ad
2184 927 2424 974 Damam.

1814 985 1952 1033 Nihil
1972 988 2148 1051 obstat]
2199 989 2454 1040 Omnibus
2491 989 2600 1054 jam
2649 989 2718 1039 ad
2754 988 2800 1044 id

1749 1052 2080 1112 comparatis.

1816 1114 1967 1163 Trabe
1984 1115 2143 1179 omen]
2193 1115 2547 1181 synecdoche.
2595 1117 2681 1170 Sic
2699 1117 2797 1167 Ho-

1749 1184 1849 1226 rat.
1890 1179 1994 1229 od.
2029 1196 2071 1230 1.
2100 1186 2148 1229 1.
2184 1182 2200 1208 ‘
2222 1182 2390 1231 Trabe
2430 1181 2624 1245 Cypria
2663 1183 2799 1246 Myr·

1754 1251 1892 1291 tcum
1886 1245 2130 1359 11⁸}an
2154 1253 2314 1323 nauta
2333 1245 2671 1358 segetnliare!

1987 1326 2109 1362 aeum
2147 1326 2306 1373 raptas
2417 1326 2447 1358 a
2487 1326 2500 1358 ι
2540 1324 2569 1358 e
2660 1324 2801 1360 reur-

1752 1391 1834 1427 ras
1857 1325 1995 1422 morse
2017 1376 2245 1439 AEgenm,
2268 1311 2327 1424 e}
2346 1325 2803 1438 quoglibei'ealiud.

1749 1438 2098 1506 synecdoche.

1815 1503 2055 1566 AEgoeum]
2121 1502 2282 1551 Maris
2322 1500 2688 1549 Mediterranei
2726 1501 2822 1549 si·‘

1749 1584 1843 1621 nus
1874 1574 1953 1618 est
1990 1566 2342 1628 amplissimus,
2374 1563 2628 1613 Graeciam
2651 1564 2797 1613 inter

1749 1640 1803 1683 et
1828 1634 1997 1682 Asiam
2022 1631 2281 1680 minorem.
2344 1629 2430 1677 lta
2457 1636 2687 1689 vocatur,
2705 1629 2801 1678 vel

1689 1697 1695 1705 ’
1750 1698 1816 1747 ab
1839 1700 1996 1761 AEgeo
2024 1696 2201 1744 'lbesei
2222 1701 2391 1767 patre,
2412 1693 2501 1742 vel
2532 1691 2597 1741 ab
2632 1691 2806 1755 AEgea

1748 1762 2060 1812 Amazonum
2099 1758 2316 1822 Regina,
2336 1757 2425 1820 qni
2463 1758 2515 1805 in
2543 1771 2603 1807 eo
2686 1757 2802 1826 ¹rie·

1746 1835 1885 1879 rnnt.
1951 1826 2049 1878 Vel
2073 1824 2137 1875 ab
2168 1824 2293 1874 urbe
2332 1822 2570 1871 Euboiea'
2677 1828 2799 1883 e‚‘nt

1690 1894 1693 1897 ’
1746 1892 1857 1942 vult
1879 1888 2081 1941 Strabo.
2139 1888 2332 1946 Plinius
2366 1900 2447 1935 iv·
2482 1890 2560 1935 11.
2589 1887 2678 1935 ‘sie
2712 1887 2800 1936 ha·

1743 1956 1866 2006 bet:
1902 1958 1917 1983 ·
1944 1955 2105 2018 AEgeo
2131 1953 2256 2002 mari
2290 1964 2473 2000 nomen
2506 1947 2651 1999 dedit
2684 1966 2792 2001 sco-

1746 2021 1896 2085 pulus
1918 2019 2186 2068 Tenedum
2227 2018 2363 2066 inter
2402 2022 2457 2064 et
2489 2015 2691 2078 Chium,
2712 2030 2795 2065 ve-

1745 2085 1845 2134 rius
1868 2099 2017 2149 quam
2046 2082 2232 2146 Insula,
2251 2080 2363 2131 Aex
2385 2080 2609 2143 nomine,
2629 2094 2661 2128 a
2680 2094 2788 2149 spe-

1745 2150 1823 2197 cie
1846 2163 2035 2210 caprae,
2114 2162 2192 2196 nae
2230 2148 2305 2194 ita
2338 2145 2535 2195 Gra-ci·
2566 2150 2787 2205 vocatur,

1742 2211 1861 2274 (αἲξ)
1888 2212 1955 2296 ‚in
1994 2226 2075 2261 me
2116 2211 2163 2260 io
2230 2210 2359 2259 mari
2406 2216 2618 2273 repente
2677 2208 2781 2255 exi-

1740 2277 1964 2385 uagam
1981 2335 2195 2399 luxurio]
2226 2307 2653 2399 Blanda,}aliida‚
2666 2348 2777 2398 pro·

1737 2400 1919 2450 videns
1964 2408 2018 2450 te
2060 2400 2156 2449 sibi
2201 2402 2342 2449 velut
2385 2402 2608 2465 praedam
2638 2398 2797 2464 eripi,‘

1740 2468 1883 2515 velut
1905 2465 2210 2529 mancipium
2248 2473 2303 2515 et
2335 2480 2537 2514 servum
2570 2463 2703 2514 elabi
2731 2471 2790 2514 et

1742 2533 1913 2595 perire
1938 2530 2050 2592 sibi,
2088 2531 2131 2579 si
2159 2531 2316 2579 semel
2339 2530 2567 2592 naviges,
2599 2535 2652 2578 et
2672 2541 2785 2578 ava-

1742 2596 1873 2646 ritiae
1896 2604 1947 2645 te
1970 2596 2228 2657 mancipes
2251 2601 2307 2644 et
2329 2593 2558 2643 addicas.
2796 2599 2802 2607 ‘

1804 2661 2042 2723 bauria]
2089 2660 2293 2708 Morum
2314 2658 2602 2722 dissolutio,
2622 2657 2787 2722 inquit

1740 2725 1935 2785 Festus,
1957 2725 2087 2778 sicut
2118 2724 2240 2772 luxa
2270 2721 2500 2772 membra
2531 2722 2788 2788 appellan-

1740 2797 1841 2850 tur,
1874 2804 1987 2855 quae
2022 2789 2189 2838 soluta
2229 2795 2284 2838 et
2315 2802 2405 2837 suo
2446 2789 2561 2838 loco
2597 2787 2786 2838 dimota

1723 2862 1873 2905 sunt.

1885 2916 2164 2981 Seductum]
2258 2917 2555 2980 Deceptum
2632 2921 2779 2965 antea

1735 2990 2136 3048 corruptumque
2171 2981 2275 3030 suis
2311 2981 2566 3030 illecebris
2602 2987 2655 3031 et
2690 2994 2779 3029 vo-

1736 3047 2031 3112 luptatibus.
2068 3047 2162 3096 Vel
2186 3060 2358 3095 sensus
2380 3052 2490 3094 est:
2526 3046 2622 3093 nisi
2644 3045 2805 3094 luxu-⁶

1737 3112 1834 3175 ria,
1849 3121 2119 3176 antequam
2140 3110 2311 3159 'navim
2335 3110 2663 3169 conscendas,
2680 3124 2782 3159 mo-

1733 3176 1855 3225 nitis
1878 3177 1942 3227 ab
1965 3178 2188 3240 incoepto
2221 3189 2372 3224 cursu
2406 3175 2705 3225 dehortetur
2722 3188 2797 3224 ac.

1733 3248 1972 3292 revocet:
2008 3240 2228 3289 ductum·
2257 3254 2380 3289 vero
2417 3240 2690 3303 separatim
2724 3246 2778 3288 te

1733 3305 2030 3371 alloquitur,
2054 3305 2172 3368 quia
2193 3304 2350 3353 habet
2374 3304 2561 3369 aliquid
2591 3302 2784 3369 puden-

1732 3370 1869 3428 dum,
1893 3368 2027 3419 unde
2051 3376 2104 3417 et
2136 3368 2358 3418 arbitros
2392 3375 2639 3419 removet.
2706 3367 2782 3418 At

1731 3449 1829 3494 non
1853 3435 1928 3483 ita
1947 3434 2076 3484 lucri
2099 3433 2373 3497 cupiditas,
2405 3435 2559 3483 immo
2598 3440 2778 3498 aperte

1728 3499 1867 3610 ἓςίις
1903 3513 1966 3548 eo
1983 3499 2140 3611 tquod
2167 3498 2424 3548 neminem
2466 3498 2628 3562 pudet
2660 3502 2779 3547 rem

1753 3577 1904 3612 acere
1948 3578 1978 3615 e
2028 3578 2090 3611 au
2128 3576 2232 3613 ere..

1799 3579 2311 3691 Ωιιοᾞεὶιυίεῗῡιωπε,
2330 3628 2449 3690 ruis,
2468 3625 2573 3691 ξω]
2600 3626 2781 3678 Verba

1723 3700 1842 3743 sunt
1880 3693 2361 3743 luxurioe‘Damam
2408 3708 2439 3742 a
2490 3691 2779 3756 navigando

1723 3757 2051 3808 deterrentis.

1778 3822 1982 3898 *lassad
2016 3821 2119 3873 Qui
2142 3826 2224 3899 tot
2244 3822 2504 3873 molestias
2523 3828 2576 3871 et
2597 3817 2780 3872 discri-

1723 3900 1861 3937 mina
1882 3900 1983 3938 non
2006 3899 2216 3938 verens.
