2884 4917
205 82 258 147 Sit
275 87 389 167 pater:
410 82 500 148 hand
514 88 654 168 promte,
668 81 779 147 dicam
791 87 908 148 tamen.
960 80 1059 147 Adde
1070 82 1169 148 etiam
1185 97 1302 158 nnrrm,

204 167 316 232 Unum
329 171 444 235 etiam:
467 173 562 235 terras
576 175 627 235 eat
635 171 708 255 jam
723 168 830 249 filius3
852 167 978 234 etmihi
992 170 1058 233 ritu

200 253 341 319 Manius
355 257 410 320 hio
424 257 550 338 generis
564 276 669 341 prope
683 255 792 339 major
805 255 984 320 amnonius
1000 255 1082 319 exit.
1252 251 1300 317 60

206 337 274 419 Qui
284 342 373 424 prior
387 361 436 418 ea,
452 362 510 405 our
523 361 575 406 me
590 345 623 406 in
637 342 780 407 decursu
793 342 949 425 lampada
962 341 1102 425 poscisi

205 426 289 491 Sum
302 428 362 492 tihi
375 428 577 493 Mercurius:
599 429 698 493 venio
711 428 806 494 Deus
819 428 884 492 huc
899 447 973 509 ego,
989 427 1094 491 utillo

270 605 346 659 Haud
356 615 460 673 promte,
468 610 547 659 diem
555 609 646 674 umen]
669 611 733 661 Non
774 625 875 660 cursum
894 609 1021 674 spatium:
1043 623 1174 675 nunquam
1196 605 1303 656 veroin

204 671 282 723 ibcile
297 674 398 738 quidem
418 683 445 726 et
494 685 602 726 romtum
618 675 734 726 indicare
773 670 1304 741 ipsocursn,necprioraposteriore,sed

206 737 314 788 abarum
335 754 436 801 menm;
459 689 491 790 is
509 746 595 791 tamen
623 739 734 790 fortasse
774 748 873 792 contra.

206 810 441 866 praestarepotcro.
807 805 909 853 Germe
927 805 952 853 in
971 806 1068 854 deorse
1085 803 1193 865 intumo
1212 799 1307 865 pomos]

237 867 306 917 Adde
314 869 386 918 etiam
394 869 532 931 nnumin]
548 868 654 919 Quodsi
666 868 731 915 uite·
772 864 924 926 Aliegorica'
936 868 1031 918 incutio
1045 867 1165 915 desumto
1185 882 1201 914 a
1211 874 1305 926 λαμπα-

204 930 258 981 rios
272 940 385 996 repetas,
404 948 434 982 ac
454 935 494 980 vet
514 947 590 981 unum
605 930 732 990 superius,
771 927 889 987 hntpnuia.
934 931 1046 993 Nempe,
1073 938 1101 979 ut
1129 932 1166 980 ait
1201 929 1306 990 suidas,

205 1002 234 1046 et
241 1003 311 1046 retro
320 997 476 1061 cognationis
483 990 733 1054 gradumseruteris3
774 989 912 1054 Lampadis
923 993 976 1038 tria
986 993 1054 1039 iesta
1064 1001 1125 1038 sunt
1140 1008 1154 1039 a
1173 993 1210 1040 nd
1222 993 1307 1043 Attae·

206 1067 235 1110 et
250 1075 341 1125 poscas
363 1060 419 1123 quis
440 1065 531 1105 atavus
550 1053 611 1104 mihi
632 1053 732 1115 fuerit,
774 1055 884 1117 irienses,
918 1054 1105 1114 Panathenaea,
1166 1056 1305 1120 ulcaualia,

199 1124 255 1188 jam
268 1123 384 1172 herebo:
402 1121 454 1169 erit
472 1119 540 1167 enirn
562 1119 583 1168 is
602 1118 664 1167 mihi
681 1127 735 1169 tarn
775 1119 939 1169 Promethea.
982 1120 1022 1168 De
1046 1119 1198 1169 Promethei
1218 1121 1303 1171 Sacris

203 1188 400 1250 ignotus,quam
417 1184 480 1247 iste,
495 1198 572 1249 quem
589 1184 670 1234 Teme
681 1199 736 1249 pro·
775 1184 818 1234 hic
827 1184 924 1233 mentio
935 1189 984 1246 est,
998 1184 1025 1232 iu
1038 1182 1130 1248 quibus
1141 1185 1252 1248 juvenes
1264 1199 1305 1235 ac·

203 1251 297 1315 geniem
307 1249 455 1314 appellasti·
776 1263 864 1299 censes
876 1248 960 1298 taedas
972 1255 1103 1313 gestantes
1124 1248 1310 1312 decurrebant,

271 1315 351 1364 Terra
367 1314 464 1374 estjam
476 1307 558 1380 fliius]
590 1315 632 1363 Ex
641 1314 737 1377 Empe·
776 1314 971 1379 certabantque,
979 1314 1035 1378 quis
1044 1313 1077 1362 sd
1090 1327 1195 1379 scopum
1208 1316 1303 1379 primus

205 1379 287 1431 dociis
303 1379 433 1429 sententia
450 1384 477 1428 et
501 1379 607 1428 aliorum
626 1393 738 1442 quorun·
776 1380 925 1443 perveniret
942 1393 994 1427 uon
1012 1378 1129 1427 extincta
1148 1377 1213 1429 iace.
1245 1379 1306 1428 Pri·

206 1445 266 1495 dam
293 1452 411 1493 veterum
440 1443 663 1505 Phiiosophorum,
692 1443 737 1508 qni
776 1459 831 1493 mus
853 1441 1013 1507 defatigatus
1033 1443 1157 1506 proximo,
1174 1443 1195 1492 is
1211 1450 1304 1505 postea

207 1517 280 1560 natos
302 1526 317 1560 e
336 1510 416 1558 Terra
430 1509 526 1573 primos
548 1508 660 1558 homines
678 1523 737 1557 cen·
777 1507 987 1572 defessusaiteri,
1002 1513 1030 1557 et
1044 1508 1163 1571 deinceps
1175 1507 1240 1554 alins
1257 1506 1306 1556 aiii

207 1589 292 1633 suere,
301 1589 360 1624 cum
371 1574 415 1622 alii
428 1588 462 1623 er
472 1588 538 1638 aqua
558 1571 650 1636 foetos,
667 1572 735 1622 sicut
774 1573 894 1624 tradebat
905 1572 1041 1623 ardentem
1052 1572 1144 1632 facem,
1154 1570 1236 1621 donec
1246 1586 1303 1621 me·

207 1645 236 1689 et
253 1639 445 1702 nlia'nniversa
465 1639 639 1703 opinarentur.
673 1637 735 1688 Huc
774 1645 827 1686 tem
850 1638 1038 1703 pertingerent.
1079 1637 1115 1686 Ea
1134 1637 1239 1701 quidem
1260 1651 1307 1686 ara

207 1704 286 1753 etiarn
301 1702 444 1768 facitquod
460 1702 588 1752 hominem
611 1702 644 1756 ab
659 1702 735 1752 humo
774 1703 923 1753 Promethei
940 1704 966 1752 in
984 1701 1128 1753 Academia
1143 1699 1203 1764 t'uit,
1222 1716 1238 1750 a
1254 1717 1306 1766 qua

206 1774 308 1823 ueteres
337 1768 433 1817 dixere.
487 1768 570 1817 Porro
598 1766 667 1832 quod
689 1763 736 1831 per
775 1767 808 1816 ad
828 1768 917 1817 urbem
930 1783 1019 1818 cursus
1038 1773 1095 1817 erat
1110 1782 1169 1817 cum
1190 1767 1305 1816 accensis

209 1832 289 1882 Terre
297 1833 464 1898 filiumhonto
479 1832 551 1881 nihili
568 1832 737 1897 significetur,
778 1832 903 1896 ejusmodi
926 1831 1034 1883 t‘acibus.
1077 1832 1144 1881 Vide
1174 1830 1250 1882 Alex.
1271 1830 1306 1881 ab

207 1897 380 1960 etobscurus,
390 1905 504 1959 patetex
523 1898 606 1948 Tullio
619 1896 652 1946 ad
669 1896 739 1946 Atti·
778 1896 855 1947 Alex.
864 1912 890 1945 ι.
902 1902 926 1947 8.
961 1899 1043 1961 Hujus
1053 1897 1246 1947 consuetudinis
1256 1910 1308 1946 me·

208 1964 326 2012 comita
347 1962 490 2012 scribente:
531 1961 621 2012 ‘Huic
648 1961 738 2011 Terrae
778 1963 1118 2026 minenmtvarroprrrdo.
1136 1961 1169 2011 de
1189 1961 1306 2011 Reiius·

206 2025 260 2077 filio
278 2029 439 2077 committere
457 2026 591 2092 epistolam
609 2026 688 2076 tantis
705 2026 739 2075 da
779 2027 896 2094 tica,ubi
912 2027 959 2087 ait,
978 2027 1074 2076 ‘Nunc
1091 2041 1168 2077 cursu
1187 2026 1306 2091 lampada

207 2091 286 2141 rebus
297 2107 348 2142 uon
361 2091 461 2142 audeo.'
493 2093 591 2141 Tertul.
605 2092 632 2141 in
643 2090 740 2154 Apolo-
781 2092 829 2140 tibi
840 2091 915 2143 trado
921 2090 939 2151 ;'
952 2091 1041 2153 idest,
1058 2090 1107 2141 tihi
1118 2089 1222 2141 dicendi
1238 2091 1305 2140 vices

227 2158 612 2207 et.‘DictusSatnmusTerre
622 2156 741 2220 Curiique
781 2157 862 2207 trado.
895 2156 1033 2207 Ciceroad
1051 2156 1304 2207 Herenn.rv.‘Non
1389 2211 1391 2214 ,

236 2220 283 2284 ius,
303 2224 361 2286 qnia
388 2223 478 2286 ignoti,
495 2223 536 2270 vei
555 2235 588 2270 ex
606 2219 739 2284 inopinato
778 2222 855 2283 enim,
865 2220 1076 2286 quemadmodum
1084 2222 1111 2271 in
1122 2222 1253 2286 palestra,
1263 2220 1305 2284 qni

207 2295 366 2350 apparentes
383 2288 415 2337 de
431 2287 497 2335 coeio
514 2284 680 2348 supervenire
700 2284 739 2332 di·
778 2286 860 2333 toedar
880 2286 1003 2334 ardentes
1020 2286 1123 2344 accipit,
1143 2287 1250 2334 ceierior
1265 2289 1306 2333 est

207 2356 316 2408 cuntur3
333 2351 400 2399 sicut
411 2350 501 2398 Terrae
512 2349 578 2396 filios
592 2349 683 2410 vulgus
694 2361 738 2394 vo-
776 2348 804 2395 in
814 2363 890 2393 οιιιιιι
903 2349 1036 2406 continuo,
1046 2362 1125 2410 quarn
1141 2348 1188 2398 iile
1205 2349 1246 2414 qni
1256 2353 1305 2398 trau

207 2417 376 2472 eatquorum
388 2425 469 2470 genna
479 2412 607 2462 incertum
618 2416 675 2456 est:
699 2408 737 2471 gi·
778 2407 834 2467 dit;
850 2408 889 2458 ita
903 2409 995 2458 melior
1011 2409 1160 2474 Imperator
1177 2428 1256 2464 novus
1281 2412 1309 2463 ni

207 2480 349 2537 gentesque
360 2471 407 2520 hac
425 2470 525 2520 ratione
538 2472 627 2521 Terra
638 2469 685 2519 tilii
694 2486 739 2535 ap-
778 2473 876 2537 accipit
891 2475 1042 2539 exercitum,
1062 2491 1138 2541 qoam
1150 2478 1194 2527 ilie
1205 2480 1249 2543 qni
1264 2429 1311 2528 de·

206 2536 355 2603 pellantur)
371 2535 438 2586 Vide
447 2535 630 2600 eatttnohig.
640 2540 738 2588 1¹³8.
778 2538 862 2588 cedit:
895 2546 1035 2604 propterea
1057 2542 1126 2605 quod
1154 2541 1309 2607 defatigatus

272 2603 354 2665 Maior
371 2602 498 2652 anamotus
517 2602 579 2666 exit]
634 2601 737 2651 Manius
779 2618 870 2654 cursor
880 2603 925 2653 dat
936 2606 1037 2670 integro
1048 2603 1150 2670 sacem3
1166 2614 1194 2656 at
1208 2608 1248 2657 hie
1263 2621 1309 2672 pe-

207 2667 264 2734 ipre
294 2669 378 2718 videri
404 2666 485 2732 possit
506 2673 639 2731 cognatus,
661 2673 690 2717 et
711 2667 739 2716 in
778 2668 844 2718 ritus
856 2668 1003 2745 Imperator
1014 2670 1134 2733 imperito
1147 2672 1309 2722 exereitum!

207 2740 346 2785 stemmate
376 2733 459 2796 major
481 2733 621 2782 avunculus
641 2732 717 2781 scribi
730 2747 738 2792 ς
779 2734 815 2782 Et
826 2741 886 2782 ante
897 2733 955 2783 illos
967 2734 1103 2785 Lueretius
1120 2736 1164 2787 lib.
1176 2751 1206 2786 ιι.
1218 2752 1255 2788 vs.
1265 2741 1308 2788 rt.
1321 2771 1335 2798 ,

208 2798 333 2863 siquidem
344 2799 408 2847 alius
420 2811 495 2847 nemo
508 2797 594 2860 prodit
606 2804 633 2846 ct
644 2801 740 2860 praesto
779 2799 788 2825 ⁴
800 2798 882 2862 Inque
899 2797 972 2847 brevi
984 2800 1068 2865 spatio
1087 2810 1219 2852 mutantur
1229 2802 1310 2852 secia

210 2870 261 2925 est,
270 2864 314 2927 qni
326 2864 433 2928 madum
450 2863 517 2912 huuc
534 2869 562 2912 et
577 2863 740 2911 locumiuter
780 2863 948 2926 animantum,
965 2865 1001 2914 Et
1020 2866 1094 2948 quasi
1109 2880 1227 2917 cursores
1244 2866 1309 2917 vitai

208 2927 320 2992 majores
329 2943 409 2990 meos,
420 2933 447 2977 et
464 2927 490 2976 in
505 2926 593 2976 ordine
605 2925 691 2988 stirpis
710 2932 740 2974 et
779 2927 900 2992 lampada
912 2928 1029 2978 tradunt.

210 2992 371 3055 cognationis
393 3007 469 3053 meae,
492 2990 547 3039 'ure
574 2989 667 3052 potiori
688 2989 739 3038 sibi
844 2991 960 3042 Sumtibi
977 2995 1122 3060 Mercurius]
1151 2993 1202 3044 'Ne
1218 3008 1260 3044 me
1275 3002 1309 3047 ut

211 3061 291 3120 queat
301 3057 441 3105 vindicare.
505 3054 689 3112 simmetrius
699 3061 740 3104 est
779 3058 870 3122 propin
891 3072 960 3120 uum,
975 3066 1002 3108 te
1012 3066 1042 3110 ut
1059 3058 1184 3111 haeredem
1194 3066 1308 3124 certum,

210 3119 252 3172 evi
273 3119 314 3168 vei
332 3119 396 3167 aviae
413 3117 511 3166 frater:
533 3123 578 3167 aut
600 3118 678 3167 etiam
696 3119 738 3168 avi
779 3136 861 3171 meam
899 3123 1059 3175 ereditatem
1071 3124 1141 3190 qnasi
1160 3131 1232 3174 tuam
1248 3125 1310 3176 tibi·

210 3184 275 3235 ariae
294 3200 326 3234 ue
339 3183 488 3242 avuncuins,
500 3184 625 3247 utplaeet
636 3185 724 3233 Festo.
780 3187 895 3251 quejnre
906 3188 1021 3238 debitam
1033 3190 1087 3254 jam
1102 3202 1171 3238 nune
1187 3190 1307 3251 intuere,
1323 3193 1331 3216 ³

274 3200 323 3307 gut
332 3247 442 3314 paones]
473 3247 739 3313 Touero,oiegitinte
781 3251 828 3301 sed
845 3251 929 3316 potius
949 3252 1017 3319 finge
1035 3253 1083 3304 tihi
1101 3268 1142 3303 me
1162 3269 1219 3306 esse
1235 3257 1307 3307 velut

211 3313 303 3378 haeres,
316 3330 374 3365 cum
387 3314 470 3363 senior
481 3328 521 3362 me
531 3314 565 3363 sis
576 3320 604 3364 et
614 3321 676 3364 natu
689 3328 740 3363 ma·
780 3316 949 3378 Mercurium,
965 3320 1009 3382 qni
1020 3320 1069 3369 tibi
1082 3318 1184 3382 ἔρμιῖον,
1194 3322 1308 3386 inspera-

207 3377 260 3442 jor,
282 3394 329 3429 eur
349 3395 363 3427 a
384 3393 424 3429 me
442 3379 620 3429 hereditatem
640 3393 741 3443 speras,
779 3388 881 3432 tumet
901 3381 1037 3432 fortuitum
1057 3385 1204 3436 thesaurum
1223 3394 1251 3436 et
1271 3387 1310 3436 lu·

211 3444 256 3509 qui
267 3458 321 3492 sum
338 3444 425 3506 junior
441 3451 467 3492 et
479 3445 504 3493 in
521 3458 596 3494 cursu
607 3445 669 3494 vitre
681 3459 740 3508 pos·
779 3459 852 3496 erum
869 3447 1002 3512 annuntio,
1013 3448 1110 3514 indico,
1126 3451 1235 3502 ostendo
1251 3466 1310 3517 eap-

212 3507 309 3558 terior?
350 3508 409 3570 Vel,
430 3517 457 3555 tu
478 3510 520 3575 qui
544 3509 633 3559 Manio
655 3510 742 3574 potior
781 3511 897 3562 tandum.

212 3573 274 3623 mihi
293 3579 365 3634 es,et
382 3588 443 3624 vere
466 3583 601 3637 cognatus,
618 3590 664 3625 cur
680 3574 740 3623 dnm
817 3576 889 3626 Venio
905 3577 972 3629 Deus
990 3579 1035 3629 buc
1049 3579 1104 3642 ego]
1133 3581 1263 3646 Inopinati
1281 3585 1309 3631 et

210 3638 281 3702 viso,
291 3637 437 3687 hereditati
448 3639 600 3688 meaetnutm
610 3639 739 3703 antelegi-
780 3640 889 3692 indebiti
900 3642 965 3692 lucri
980 3643 1062 3705 Deus,
1075 3654 1104 3694 ut
1123 3645 1243 3708 diximus,
1255 3647 1311 3696 Sat.

214 3703 304 3752 timum
324 3709 435 3768 tempus,
447 3704 546 3753 scilicet
562 3712 623 3754 ante
640 3703 740 3753 absolu·
782 3719 813 3756 ιι.
824 3722 863 3758 vs.
872 3712 913 3758 ll.
922 3709 954 3760 ad
965 3708 1044 3759 verba
1055 3711 1127 3761 haec:
1146 3711 1311 3761 Dextroflrr·

192 3772 270 3816 ‘tom
291 3768 351 3819 vitas
373 3768 502 3818 stadium?
546 3770 624 3819 Certe
652 3782 741 3818 cursor
780 3772 840 3822 eale.

213 3840 264 3881 non
275 3835 344 3899 petit
362 3834 506 3902 lampadem
518 3832 549 3883 ab
563 3834 616 3884 alio
627 3841 688 3884 ante
698 3833 743 3883 de·
818 3837 853 3888 Ut
868 3837 909 3890 iiie
920 3837 1043 3906 mutto]
1063 3839 1210 3894 Mercurius
1222 3840 1312 3907 pinge·
