2884 4917
544 402 682 465 samita
705 401 759 487 IX.

434 660 726 752 SATIRA
765 659 855 748 IX.

25 886 30 893 ·
104 824 223 916 Sotae
237 850 345 929 velim,
359 871 461 936 qnare
475 853 574 918 toties
583 852 681 939 mihi,
697 851 850 929 Naevole,
863 848 965 916 tristis
1034 846 1037 851 ’

105 935 264 1002 Occurras
277 938 380 1003 fronte
394 938 551 1017 obducta,
566 958 627 1003 ceu
641 938 782 1023 Marsya
794 940 915 1002 victus.

106 1020 180 1089 Non
193 1031 264 1088 erat
275 1024 338 1088 hac
352 1025 440 1089 facie
452 1025 670 1089 miserabilior
683 1022 876 1109 Crepereius

103 1106 223 1189 Pollio,
238 1110 297 1194 qui
311 1109 471 1195 triplicem
482 1129 615 1175 usuram
630 1116 791 1196 praestare
805 1113 941 1195 paratus

102 1191 241 1273 Circuit,
256 1194 409 1262 otiatucs
422 1216 488 1259 non
501 1196 636 1263 invenit
679 1195 778 1260 Unde
791 1201 927 1279 repente

99 1278 166 1346 Tot
179 1284 296 1365 rugael
320 1290 407 1348 certe
420 1282 552 1347 modico
566 1289 733 1347 contentus
748 1282 872 1364 agebas

101 1363 248 1432 Vernam
262 1369 416 1452 equitem,
430 1370 572 1435 conviva
580 1369 661 1452 joco
673 1369 842 1433 mordente
853 1367 993 1447 facetus,

102 1449 145 1518 Et
157 1454 284 1518 salibus
296 1454 468 1519 vehemens
487 1456 577 1519 intre
585 1455 750 1538 pomoeria
763 1455 859 1519 natis.

101 1535 222 1604 Omnia
235 1558 323 1603 nunc
337 1546 470 1605 contra:
491 1540 604 1604 vulttss
618 1541 738 1621 gravis,
750 1539 881 1605 horrida
894 1540 996 1607 sicca

100 1621 205 1708 Sylva
219 1644 338 1702 comae,
357 1626 466 1690 nullus
480 1630 551 1689 tota
564 1625 796 1702 nitorincute,
808 1626 938 1708 qualem
1150 1625 1193 1688 10

100 1707 235 1773 Bruttia
248 1712 428 1792 prestabat
442 1710 541 1773 calidi
550 1709 612 1773 tibi
625 1709 731 1774 fascia
744 1711 844 1774 visci:

101 1793 171 1857 Sed
184 1794 355 1858 fruticante
367 1794 437 1877 pilo
449 1796 605 1879 neglecta,
618 1800 653 1859 et
665 1794 821 1881 squalida
835 1815 940 1863 crura.

87 1876 196 1956 -Quid
211 1881 336 1945 macies
349 1883 429 1963 aegti
444 1883 575 1961 veteris,
589 1901 687 1965 quem
701 1890 846 1967 tempore
864 1883 961 1964 longo

102 1962 224 2030 Torret
237 1973 355 2051 quarta
369 1968 452 2046 dioc,
467 1969 609 2052 olimque
620 1968 801 2033 domestica
814 1969 939 2033 iebrisl

101 2048 297 2134 Deprendas
311 2054 411 2117 animi
424 2062 585 2119 tormenta
597 2054 881 2134 latentisinaegro
1151 2050 1212 2123 151

102 2133 261 2220 Corpore,
275 2137 459 2221 deprendas
472 2147 507 2203 ct
519 2137 657 2223 gaudia:
679 2139 778 2202 sumit
791 2147 964 2218 utrumque

169 2284 236 2333 Scire
252 2283 334 2346 ceum]
350 2286 446 2334 Faceta
456 2285 558 2349 quidem
573 2286 631 2334 herc
736 2284 805 2334 istm
811 2283 1001 2348 pcmoerissttis]
1019 2283 1196 2350 Urbanis3nott

102 2346 202 2407 Satira,
221 2346 266 2397 scd
285 2347 403 2411 inprimis
426 2348 554 2398 obscoeua
571 2350 633 2398 Dis·
672 2348 775 2397 rusticis
786 2348 976 2423 etseqrestibus.
1003 2349 1198 2401 Pomerisstso·

103 2410 179 2475 logos
191 2419 232 2460 est
245 2410 381 2461 Naeuolnm
392 2412 460 2462 inter
477 2419 505 2462 et
525 2413 633 2464 Politeia
672 2419 749 2462 cetur
765 2413 835 2462 locus
850 2412 895 2460 tile
904 2426 997 2463 recens
1016 2427 1097 2477 prope
1112 2426 1198 2463 muros

102 2483 221 2525 nostrum
241 2475 273 2524 de
294 2475 429 2539 multiplici
439 2483 468 2525 et
478 2476 581 2528 iussuda
591 2491 634 2527 se·
673 2475 753 2537 urbis,
762 2491 838 2542 quem
852 2490 900 2525 ncc
910 2476 1021 2527 habitari
1030 2476 1070 2526 iss
1081 2483 1139 2526 erat
1148 2491 1199 2527 uec

100 2539 299 2591 teruminomm
315 2539 484 2604 turpitudine.
512 2541 567 2592 Nos
585 2557 633 2606 per
672 2541 749 2591 arsri.

101 2612 144 2656 tot
153 2603 253 2655 lubrice
263 2620 388 2670 suspenso
398 2605 464 2667 pede
478 2614 634 2671 transcurre·
736 2605 919 2655 Horridsst'ccoe
927 2607 992 2671 minu
1000 2605 1084 2670 com]
1106 2603 1199 2677 Capilli

101 2683 169 2731 mus,
180 2669 259 2719 satius
271 2669 450 2719 existimantes
459 2670 559 2720 intacta
570 2673 633 2721 mul·
670 2669 744 2719 velut
753 2670 857 2720 arbores
868 2670 955 2734 rigidi,
964 2686 1016 2721 non
1029 2678 1200 2721 contutante

101 2741 130 2784 ts
144 2733 299 2800 relinquere,
309 2749 385 2798 quarn
396 2749 471 2784 sures
480 2742 632 2802 urentesque
671 2742 803 2799 unguento
812 2735 921 2785 delibuti
931 2751 961 2786 uc
973 2737 1094 2786 nitentes.

152 2807 190 2850 tes
207 2799 344 2865 inquinari.
735 2799 835 2849 Bruttia
847 2800 975 2863 presules
982 2800 1054 2851 calidi
1068 2800 1199 2862 tidisuseic

163 2865 244 2929 aemle]
260 2863 313 2913 liic
325 2863 441 2912 minister
450 2863 564 2927 impurus
573 2871 632 2914 etat
669 2863 740 2927 auct]
756 2863 924 2928 Psilothrum,
932 2865 959 2915 id
970 2874 1020 2927 est,
1028 2865 1198 2917 medicamen·

104 2928 173 2979 senis
184 2928 308 2991 impudici
318 2928 420 2978 nornine
428 2928 556 2978 Virronis.
672 2935 727 2977 tum
738 2928 771 2977 od
782 2928 948 2991 depilsndum
956 2946 1051 2995 corpus
1058 2927 1139 2981 fascis
1148 2931 1200 2980 cir·

138 2993 237 3057 Marsya
246 2992 333 3055 sistus]
372 2993 501 3057 Phrygius
511 2993 555 3041 ille
565 2991 634 3043 'l'ibi-
671 2992 847 3054 curuligatum.
869 2993 1021 3045 illuderate
1031 2996 1200 3081 resina,cere3

103 3071 155 3107 cen
165 3059 207 3107 uel
215 3060 325 3122 Satyrus
335 3055 481 3121 Apollinem
493 3070 634 3120 provocare
672 3063 700 3106 et
719 3056 797 3105 visco.
822 3055 892 3105 Plin.
909 3069 989 3105 xnv.
1007 3061 1032 3105 4.
1056 3059 1191 3118 ‘Viscum

104 3136 183 3172 susus
199 3122 232 3170 ab
243 3137 275 3171 eo
290 3122 375 3171 victus
389 3136 440 3172 non
451 3122 506 3171 sine
516 3120 635 3182 ludibrio,
673 3118 767 3184 inquit,
794 3118 872 3167 ‘cum
891 3122 976 3168 resina
996 3128 1025 3168 ct
1044 3134 1104 3169 cers
1121 3134 1201 3184 panos

106 3192 137 3235 et
152 3185 297 3236 excoriatus
316 3193 365 3236 est.
382 3185 460 3237 Ovid.
476 3187 636 3236 timemur.
673 3183 775 3247 mitigat
789 3182 870 3232 omnis
888 3182 1006 3247 generis!
1045 3180 1113 3232 Ptin.
1135 3184 1198 3232 item

107 3248 207 3299 Fumo.
234 3250 332 3300 Videli
353 3250 447 3299 nleiurn
458 3251 624 3301 Floridcs.
675 3252 786 3298 mmo.
805 3261 864 3297 cum
881 3245 979 3310 pudore
994 3243 1093 3297 fatetur
1109 3245 1200 3296 resim

173 3316 312 3379 Crepereius
344 3315 410 3378 ollio]
427 3314 636 3379 Luxuriaperdi·
674 3328 747 3363 usum
760 3326 817 3362 esse
829 3310 987 3375 precipuum
999 3311 1025 3362 in
1035 3308 1201 3361 evellendlse

105 3385 147 3430 tus
168 3395 250 3444 nepos
271 3379 387 3429 decoctis
406 3378 480 3428 bonis
497 3380 591 3443 quaerit
608 3387 636 3429 et
674 3379 788 3429 virorum
811 3374 951 3440 coporibns
965 3375 1047 3490 spilis;
1074 3382 1103 3425 et
1122 3374 1200 3441 poulo

106 3444 293 3509 circumspicit,
304 3444 361 3521 quis
372 3443 437 3492 velit
448 3444 570 3507 pecunias
580 3458 635 3494 cre·
675 3449 743 3507 post,
753 3442 836 3506 picem
847 3455 879 3491 ac
891 3442 964 3505 proin
983 3456 998 3490 e
1016 3440 1123 3491 resinam
1141 3454 1199 3504 pro-

106 3509 168 3559 dere
178 3509 318 3574 spondenti
334 3508 464 3573 triplicem
474 3522 591 3566 usuram
607 3515 637 3558 st
676 3508 731 3557 bari
747 3506 856 3557 maxime
869 3506 1005 3568 Bmttism,
1020 3505 1065 3555 ait.
1103 3504 1202 3555 Bruttii

107 3582 214 3623 moestus
233 3574 298 3637 abit,
308 3574 377 3638 qnod
396 3572 524 3622 neminem
535 3572 636 3622 invenit
674 3585 736 3622 vero
754 3571 834 3622 ttsttae
847 3586 880 3635 po
899 3571 935 3620 nli
946 3570 1071 3621 tenebant
1082 3569 1143 3620 olim
1154 3571 1202 3621 Co·

107 3636 170 3685 satis
181 3637 288 3701 fatuum,
298 3639 342 3704 qni
352 3637 446 3688 credat
458 3637 506 3688 sibi
517 3645 589 3687 certe
600 3637 637 3685 ni·
674 3636 781 3685 labriam
805 3636 959 3701 citeriorem
980 3642 1008 3685 et
1034 3635 1200 3701 Ulteriorcm.

107 3700 145 3750 hil
156 3701 296 3753 reddituro.
675 3701 758 3750 Porro
770 3714 860 3749 versuta
881 3700 931 3750 iste
953 3699 978 3748 in
995 3700 1144 3763 quibusdam
1162 3699 1202 3749 its

177 3764 244 3814 Unde
254 3771 346 3830 reperte
363 3765 487 3831 totmgoe]
510 3765 585 3817 Unde
598 3780 636 3816 re·
676 3765 787 3829 legitur:
803 3764 967 3815 ‘Prmstsbst
974 3764 1052 3814 calidi
1058 3764 1202 3815 circumlita

106 3828 606 3896 pentinatibl,Naevole‚haectristitis?
678 3828 760 3891 fascia
775 3828 855 3879 visci.’
1218 3876 1224 3889 ,

170 3892 490 3962 ,Agmmmamj
504 3897 545 3947 ‘tu
556 3911 638 3946 verna
744 3892 1114 3956 Fruticcrstepiloseglecto,lfc.]
1134 3892 1202 3943 Vide

107 3958 181 4021 licet,
192 3957 385 4010 videbarisesse
396 3961 481 4025 Eques
497 3961 636 4021 Romanus,
675 3958 850 4011 Sat.v111.vs.
862 3963 918 4009 115.
935 3958 1031 4009 Annot.

107 4024 175 4073 adeo
188 4022 315 4086 jocularis
330 4024 430 4086 lepidus
440 4034 468 4074 et
477 4025 504 4074 in
518 4026 636 4075 convivio
741 4024 902 4089 Quartudirs]
920 4024 1053 4076 Quartana
1060 4020 1139 4073 febris
1147 4022 1203 4072 diu·

108 4086 290 4139 fucetusems.
321 4086 483 4137 locassent
500 4088 568 4152 sputi
587 4091 636 4140 lio·
677 4094 761 4149 tuma.

107 4150 348 4217 mauos'sppellatio
373 4151 449 4199 vem
458 4152 544 4214 Eques.
568 4154 637 4205 Quid
740 4153 878 4215 Deprendere
893 4154 976 4215 uultui,
995 4153 1048 4219 lfa]
1079 4153 1135 4204 Ista
1157 4158 1202 4221 tus

110 4219 217 4285 proprie
229 4186 448 4280 vcma,·diximus
460 4216 492 4265 ad
504 4220 557 4267 Sat.
566 4229 586 4266 r.
600 4234 635 4268 vs.
677 4218 791 4279 corporis
806 4219 933 4280 aegritudo
949 4222 1062 4272 nuscitur
1079 4234 1112 4267 ox
1126 4215 1201 4264 antur

110 4287 149 4333 ²6.
678 4281 787 4347 quadum
797 4280 958 4346 egritudine.
