2884 4917
566 75 691 141 Nil
715 76 830 141 tibi
859 75 1183 140 concessit
1209 73 1413 140 tatio:
1459 72 1735 155 digitum
1762 90 1979 149 exere,
2008 91 2275 155 peccas.
2315 102 2319 109 ·

564 161 652 226 Et
679 161 835 244 quid
864 167 1000 225 tam
1027 178 1306 243 parvum
1333 168 1436 224 cst
1453 161 1483 222 ‘l
1530 158 1647 223 sed
1672 159 1853 223 nullo
1876 159 2055 223 thure
2082 159 2335 235 litabis,

2600 88 2728 223 1213

566 245 844 312 Haereat
869 249 936 311 iu
963 246 1179 311 stultis
1203 246 1423 311 brevis
1451 251 1525 309 ut
1552 244 1886 309 semuncia
1910 245 2089 309 recti.

558 318 746 398 Haec
773 334 1047 398 miscere
1069 332 1296 397 nefas:
1335 351 1481 406 nec,
1511 350 1663 395 cum
1690 333 1785 395 sis
1810 337 2022 395 cetera
2043 330 2279 405 fossor,

564 416 730 483 Tres
755 425 1007 485 tantum
1033 418 1119 483 ad
1145 436 1449 483 numeros
1478 418 1680 502 satyri
1707 431 2009 482 moveare
2037 413 2348 497 Bathylli.

567 605 714 649 certe
751 600 1054 664 metaphora
1094 608 1176 652 est
1224 617 1256 650 a
1305 601 1486 652 bestiis
1535 601 1619 651 vel

566 662 723 713 etiam
744 666 980 725 aviculis,
1001 681 1143 730 quas,
1164 682 1278 716 cum
1302 666 1540 728 aufugere
1562 674 1619 715 et

566 728 775 777 avolare
796 732 1170 794 tentantpaulo
1186 731 1399 793 longius,
1419 730 1617 779 funicu-

567 790 621 841 lo
640 792 854 842 innexas
890 808 1198 845 revocamus.
1243 795 1425 843 Horat.
1448 794 1615 855 Epist.

567 869 608 906 1.
632 860 709 907 lc.
737 859 1002 921 pecuniam
1036 858 1223 906 servire
1261 866 1500 919 oportere
1535 856 1611 904 sic

566 921 757 970 edicit:
790 924 806 949 ‘
827 923 1035 970 Tou-tum
1072 920 1228 1005 digna
1259 919 1402 983 sequi
1422 917 1610 982 potius,

569 998 717 1049 quam
740 984 923 1032 ducere
943 983 1129 1031 funem.

698 1049 782 1096 Nil
819 1048 910 1094 tibi
951 1046 1171 1095 commit
1217 1045 1367 1109 ratio]
1398 1046 1611 1110 Sapien-

564 1111 640 1160 tia
659 1110 781 1159 nihil
803 1110 892 1157 tibi
915 1109 982 1157 de
1004 1125 1060 1158 se
1082 1118 1173 1160 aut
1192 1109 1261 1159 de
1283 1125 1374 1159 suo
1407 1124 1615 1160 conces-

563 1175 645 1230 sit,
665 1180 722 1227 m
745 1187 810 1221 ex
842 1174 1042 1223 ratio'ue
1073 1189 1249 1239 posses
1281 1188 1465 1239 agere.-
1495 1189 1616 1238 pro-

562 1238 784 1317 indeque
806 1239 941 1287 male
976 1246 1032 1289 et
1067 1251 1336 1303 perperam
1368 1240 1477 1304 agis
1510 1253 1617 1289 om-

547 1316 668 1352 nia.

691 1367 702 1380 ’
742 1365 754 1379 ‘
895 1380 1049 1430 exere,
1091 1366 1274 1433 peccas]
1340 1367 1617 1418 Levissima

567 1446 757 1497 quava
796 1431 934 1481 actio
971 1440 1063 1481 tua
1100 1442 1366 1497 peceatum
1415 1440 1515 1496 est,
1561 1440 1616 1482 et

566 1511 722 1561 grave
744 1496 969 1562 quidem.
1031 1496 1268 1609 AEgualia
1284 1497 1475 1561 quippe
1496 1503 1616 1547 suut

570 1561 977 1625 peccataomnia
997 1575 1095 1625 apu
1153 1562 1372 1611 Stoicos.

633 1625 1030 1689 otgit-uexere]
1077 1626 1306 1690 Epictet.
1349 1625 1613 1676 Baebii-id.

569 1692 586 1719 ⁴
602 1692 702 1739 Vel
714 1691 934 1755 digitum
948 1696 1152 1740 vetatur
1164 1690 1371 1741 extendi
1387 1690 1617 1742 temere.'

571 1756 688 1806 Quo
718 1768 840 1804 sane
875 1755 1105 1817 respexit
1140 1756 1364 1818 Persius,
1399 1763 1456 1805 et
1492 1756 1618 1805 satis

571 1824 847 1867 contextus
869 1818 1057 1881 probat
1071 1824 1126 1868 et
1141 1834 1319 1870 seusus
1341 1837 1354 1881 ς
1389 1829 1448 1871 ut
1464 1821 1622 1870 mirer

570 1886 1499 2024 zgss'fimits‘gffii.l.².sstzz⁰⁸m?32;:;
1532 1900 1621 2016 :333

571 2012 701 2062 victi
738 2027 938 2063 veniam
973 2028 1002 2061 a
1040 2016 1230 2077 populo
1261 2017 1621 2079 precabantur,

571 2074 786 2139 digitum
808 2078 1081 2128 exerendo.
1146 2080 1371 2141 Digitum
1391 2095 1545 2137 exere,
1564 2079 1620 2127 id

571 2147 668 2203 est,
687 2139 854 2191 fatere
877 2148 931 2191 te
955 2143 1144 2191 victum
1161 2157 1193 2191 a
1215 2145 1368 2204 vitiis,
1387 2145 1622 2208 inquiunt

569 2204 646 2253 illi
686 2206 1005 2269 Interpretes
1050 2207 1162 2270 plns
1203 2222 1351 2269 aequo
1394 2222 1617 2270 sagaces.

571 2268 647 2317 At
667 2283 781 2333 quae
802 2278 939 2320 esset
972 2271 1285 2333 consecutio,
1314 2273 1451 2335 quod
1475 2273 1621 2320 addit

571 2332 797 2388 Persius,
815 2348 980 2395 peccas
995 2331 1020 2381 ?
1072 2335 1261 2381 Verum
1287 2335 1467 2397 quibus
1488 2336 1618 2382 insa·

571 2395 679 2442 nire
698 2394 844 2453 libet,
866 2395 942 2441 hia
963 2402 1018 2442 et
1038 2395 1207 2442 liceat.

698 2456 768 2506 Et
800 2457 913 2520 quid
949 2462 1050 2506 tem
1091 2472 1290 2521 pamas
1351 2460 1444 2524 est]
1515 2461 1621 2511 Re·

570 2520 718 2584 ponit
749 2522 826 2571 M.
864 2522 1063 2581 Dama;
1101 2523 1255 2574 itane-
1277 2539 1400 2574 vero
1438 2539 1623 2590 pecca-

532 2628 537 2637 .
571 2599 698 2649 rem,
721 2594 825 2637 tam
849 2587 1065 2650 simplici
1087 2596 1141 2637 et
1159 2589 1260 2638 levi
1283 2590 1515 2640 actione?

638 2652 734 2703 Sed
765 2654 891 2702 nullo
921 2654 1058 2704 thure
1090 2654 1274 2719 litabis]
1322 2656 1409 2705 Ita
1441 2666 1543 2720 cst,
1563 2662 1627 2706 ut

573 2715 716 2777 dixi3
751 2718 919 2786 inquit
936 2719 1170 2769 Stoicus:
1215 2734 1311 2770 uec
1343 2722 1478 2770 omni
1512 2723 1625 2771 thu·

574 2795 652 2843 m,
685 2784 821 2833 votis
844 2784 1077 2834 omnibus
1101 2799 1162 2833 ac
1180 2785 1447 2835 sacrificiis
1466 2786 1625 2850 impe·

576 2853 716 2897 trare
737 2862 930 2912 posses,
950 2856 1010 2898 ut
1040 2849 1190 2897 aliter
1221 2864 1276 2898 se
1299 2864 1381 2898 res
1400 2849 1620 2900 habeat:

573 2918 631 2960 ut
668 2908 751 2974 ue,
772 2915 872 2962 dte.
896 2912 1031 2961 infra
1051 2927 1185 2961 mox.

689 2976 699 2988 ’
721 2975 846 3038 obis]
878 2978 1012 3025 Vide
1032 2976 1142 3025 Sat.
1165 2989 1227 3023 ιι.
1250 2989 1326 3025 vs.
1347 2973 1546 3026 ultimo.

701 3038 904 3087 Hoerent
947 3041 1000 3087 ι’»
1037 3040 1214 3101 uultis,
1250 3038 1354 3103 ξω]
1419 3040 1495 3089 Ut
1535 3041 1624 3106 qui

573 3115 675 3150 noa
707 3101 845 3165 sapit
871 3102 1094 3161 omnino,
1125 3102 1209 3151 vel
1247 3102 1505 3153 minimam
1535 3106 1623 3155 ha-

551 3167 700 3228 ,beat
711 3164 970 3227 sapientias
982 3163 1283 3232 virtutisque
1301 3170 1622 3231 particulam.

577 3230 731 3291 Nam,
751 3228 978 3306 quisquis
1011 3230 1216 3295 sapiens
1248 3246 1348 3283 non
1381 3240 1481 3297 est,
1503 3238 1626 3285 stul-

575 3302 659 3343 tus
678 3303 761 3345 est
778 3310 794 3343 ε
827 3301 883 3344 et
904 3302 1122 3345 virtutes
1142 3311 1313 3347 omnes
1338 3300 1469 3348 adeo
1506 3307 1626 3350 sunt

574 3371 836 3422 connexae,
847 3365 906 3408 ut
921 3366 1012 3410 aut
1022 3360 1209 3412 habeas
1225 3377 1398 3414 omues
1410 3378 1625 3415 necesse

577 3422 661 3484 sit,
696 3431 784 3473 aut
816 3424 1038 3474 nnllam:
1072 3426 1175 3477 duo
1197 3428 1484 3480 Stoicorum
1507 3431 1627 3495 dog·

573 3493 712 3537 mata
733 3496 870 3539 sunt.
906 3488 1081 3542 Laiirt.

704 3553 827 3603 Hoec
866 3553 1059 3605 πώεσι
1085 3557 1242 3622 adm]
1298 3558 1509 3609 Set-vire
1552 3560 1629 3609 vi-

574 3615 839 3681 tils,simul
859 3626 914 3668 et
947 3620 1099 3671 animi
1122 3622 1362 3673 libertate
1383 3623 1506 3689 frui,
1536 3639 1626 3674 ue·

573 3679 653 3731 fas
671 3689 780 3733 est.⁴
832 3684 1112 3749 Sapientiae
1142 3693 1202 3737 et
1235 3689 1473 3740 stultitioe
1507 3702 1628 3739 coa-

573 3750 792 3798 sortium
810 3750 1019 3801 nullum.
1049 3782 1053 3786 -
1083 3751 1251 3802 Stulte
1288 3752 1420 3803 facis
1436 3755 1628 3819 omnia,

573 3809 618 3858 ti
640 3823 744 3864 uon
764 3816 1049 3883 sapienter&
1097 3815 1159 3868 sl
1191 3817 1350 3884 sapis,
1381 3818 1624 3871 liberes:

1695 600 1740 651 si
1760 600 1945 650 stultus
1979 612 2053 661 es,
2071 597 2174 648 eris
2194 597 2350 647 etiam
2378 592 2618 645 contiuno
2641 605 2739 641 ser·

1697 680 1805 714 vus.
1872 665 2005 715 Hoec
2043 661 2418 714 omnia-Stoice
2455 657 2741 708 admodum.

1693 728 1826 778 Vide
1843 729 1979 777 Tull.
2001 729 2053 776 in
2079 725 2331 777 Paradox.
2378 737 2384 742 ’

1759 795 1880 852 Nec,
1899 808 2002 841 cion
2020 793 2089 840 sis
2106 796 2258 840 cetera
2266 789 2441 853 fossor,
2454 787 2563 851 ξω]
2593 786 2742 836 Illus·

1692 862 1795 903 trat
1817 862 1873 903 et
1894 854 2166 903 confirmat
2186 869 2218 904 a
2238 854 2408 904 simili.

1751 918 1870 965 Cam
1902 920 1971 966 sis
1991 918 2178 983 fossor]
2205 919 2336 967 'ram
2372 919 2528 981 longe
2565 914 2687 963 abes
2712 927 2744 961 a

1687 980 1939 1044 sapientia
1972 989 2027 1031 et
2057 996 2186 1032 vera
2216 973 2474 1041 libertate,
2494 993 2649 1045 quam
2669 992 2746 1027 ru-

1689 1045 1770 1093 dis
1789 1053 1844 1094 et
1861 1048 2079 1095 rusticus
2084 1043 2247 1106 fossor
2260 1062 2289 1095 a
2308 1047 2438 1095 scita
2451 1045 2715 1094 saltatione
2730 1062 2744 1091 :

1680 1107 1855 1169 fossor,
1874 1111 2102 1175 inquam,
2126 1118 2281 1160 terrae
2303 1109 2558 1167 fodiendae
2582 1110 2746 1157 colen·

1694 1173 1878 1239 deque
1902 1182 2017 1224 tota
2044 1174 2153 1224 vita
2179 1176 2434 1239 addictus,
2464 1175 2650 1224 nullius
2670 1171 2748 1221 rei

1694 1240 1997 1303 ceteroquin
2018 1242 2233 1304 peritus.

1825 1304 1943 1353 Tres
1974 1310 2159 1354 tantam
2178 1309 2243 1355 ad
2278 1303 2510 1366 numme]
2571 1303 2627 1351 Sl
2669 1300 2753 1349 fu-

1694 1369 1794 1417 eris
1816 1368 2050 1429 stupidus
2071 1369 2315 1433 agricola,
2336 1382 2437 1417 non
2459 1367 2607 1415 modo
2631 1380 2753 1429 per-

1694 1432 1835 1484 fecte
1877 1434 2064 1482 sultare
2107 1448 2206 1483 uon
2250 1432 2458 1496 poteris,
2500 1430 2591 1479 sed
2645 1442 2752 1477 nec

1694 1498 1819 1547 duas
1839 1503 1928 1547 aut
1948 1504 2052 1547 tres
2084 1498 2269 1561 pedum
2303 1496 2434 1545 scite
2466 1492 2752 1541 dimensio-

1695 1577 1787 1612 nes
1822 1574 2109 1627 exequere:
2146 1561 2335 1626 quippe
2376 1556 2750 1607 modulationis

1695 1628 1921 1693 ignarus,
1952 1626 2168 1676 Musicae
2200 1623 2377 1674 modos
2410 1637 2471 1672 ac
2499 1634 2754 1670 numeros

1696 1693 1785 1757 qui
1803 1706 1975 1805 ριξετῗεο
1984 1690 2277 1804 tgesticulati
2283 1683 2755 1803 ougdetislzttlgtigzg

1696 1772 1826 1806 aemu
1899 1766 1901 1770 ’
1952 1771 1981 1805 e
2038 1770 2103 1804 ex
2169 1770 2220 1803 ui
2306 1768 2339 1802 u

1695 1820 1822 1899 facit
1860 1828 1915 1870 et
1955 1771 2183 1897 perfeffle·
2219 1770 2343 1897 fai-31³
2379 1814 2606 1893 peritus?
2662 1813 2749 1863 Sic

1698 1895 2031 2000 232⁰&ss
2054 1879 2752 2014 3122233'5.;2¹.'2¹..¹:²3522

1699 2016 2104 2143 rafizngipooes]

1932 2093 2080 2128 meros

1698 2146 1716 2172 ‘
1741 2144 1941 2192 Histrio
1962 2146 2005 2192 si
2035 2144 2188 2207 paulo
2223 2156 2278 2191 se
2311 2139 2473 2189 movit
2494 2147 2639 2188 extra
2660 2151 2742 2185 nu·

1697 2221 1911 2270 merum,
1934 2215 2025 2255 aut
2044 2208 2089 2255 si
2104 2220 2278 2255 versus
2295 2205 2648 2269 pronuntiatus
2663 2205 2738 2274 est

1697 2271 1893 2332 syllaba
1911 2285 2012 2319 una
2034 2270 2240 2318 brevior
2258 2276 2350 2317 aut
2381 2268 2596 2331 longior,
2615 2278 2740 2315 exsi-

1696 2334 1886 2383 bilatur
1923 2340 1978 2381 et
2009 2331 2332 2397 exploditur:
2386 2331 2443 2381 in
2479 2334 2601 2391 vita,
2634 2343 2741 2394 quae

1695 2395 1834 2446 omni
1875 2403 2021 2461 gestu
2059 2396 2394 2456 moderatior,
2432 2396 2569 2446 omui
2600 2408 2745 2443 versu

1698 2462 1868 2525 aptior
1904 2476 2014 2511 esse
2052 2460 2229 2524 debet,
2261 2468 2322 2510 ut
2358 2461 2409 2509 lu
2447 2459 2661 2526 syllaba,
2695 2465 2748 2507 te

1699 2539 1919 2591 peccare
1941 2527 2115 2576 dices?
2149 2525 2366 2576 Potitum
2399 2539 2503 2575 non
2526 2524 2675 2575 audio
2696 2523 2749 2571 in

1700 2591 1885 2655 nugis;
1931 2593 1983 2640 in
2019 2592 2140 2641 vitae
2174 2591 2420 2640 societate
2452 2590 2656 2639 audiam
2683 2587 2750 2635 cl·

1702 2670 1835 2768 vem&
1888 2656 2060 2721 digitis
2117 2660 2335 2720 peccata
2398 2653 2752 2705 dimetientem

1701 2735 1792 2770 sua
1826 2721 1841 2742 ’
1874 2726 1971 2771 διο.

1764 2782 1952 2849 Satyri]
1986 2783 2212 2834 Pedibus
2248 2789 2356 2833 tam
2389 2783 2555 2849 agilis,
2581 2787 2638 2832 ut
2660 2781 2751 2831 Sa·

1702 2854 1838 2962 82),
1859 2864 1973 2899 esse
1991 2849 2241 2898 videatur.
2276 2849 2549 2913 Satyrorum
2567 2859 2750 2909 nempe

1822 2927 1933 2963 rum
1957 2913 2237 2979 agrestium
2265 2912 2485 2977 caprinis
2516 2909 2755 2974 pedibus,

1699 2978 1878 3028 villoso
1932 2992 2165 3042 corpore,
2214 2979 2531 3027 lascivientes
2576 2979 2749 3023 motus

1700 3042 2032 3093 imitabantur
2042 3043 2094 3092 iu
2105 3045 2268 3092 Scena
2285 3038 2602 3092 Pantomimi.
2633 3039 2755 3087 Vir-

1701 3106 1790 3168 gil.
1816 3108 1940 3158 Eclo
1981 3144 1994 3157 .
2016 3121 2071 3157 V.
2103 3108 2119 3135 ‘
2143 3108 2397 3159 saltantes
2417 3107 2623 3169 Satyros
2642 3103 2754 3153 imi·

1703 3172 1901 3222 tabitur
1917 3123 2312 3235 Aglphesiboeus?
2378 3171 2563 3221 Horat.
2583 3168 2645 3218 ad
2664 3166 2751 3217 Pi,

1701 3249 1882 3285 sones:
1917 3238 1933 3265 ⁸
1957 3238 2082 3285 Mox
2104 3236 2261 3286 etiam
2290 3241 2523 3301 agrestes
2543 3235 2752 3297 Satyros

1703 3299 1951 3351 nudavit!
2015 3302 2084 3350 Et
2105 3300 2273 3366 Epist.
2296 3315 2357 3351 ιι.
2373 3305 2422 3349 2.
2455 3300 2472 3326 ⁴
2497 3299 2647 3350 Nunc
2667 3297 2753 3347 Sa-

1702 3373 1890 3429 tyrum,
1920 3379 2054 3414 nunc
2092 3372 2348 3429 agrestem
2391 3365 2624 3429 Cyclopa
2655 3376 2757 3412 mo-

1702 3428 1887 3479 vetur!
1950 3430 2031 3480 Ex
2052 3431 2322 3481 occasione
2355 3429 2457 3480 loci
2482 3430 2629 3492 liujus
2654 3426 2759 3476 Ho-

1701 3494 1883 3544 ratiani
1903 3495 2193 3558 suspicatur
2227 3494 2556 3545 casaubonus
2590 3494 2759 3556 legen·

1704 3559 1826 3609 dum
1843 3573 1976 3625 esse,
1997 3560 2243 3625 Satyrum,
2264 3560 2363 3610 hoc
2396 3559 2511 3609 loco
2551 3557 2716 3608 Persii
2738 3572 2754 3605 ε

1702 3629 1763 3674 ut
1784 3639 1964 3675 sensus
1988 3625 2072 3702 sit²
2089 3639 2298 3675 moveam
2318 3625 2566 3690 Satyrum,
2584 3623 2640 3672 id
2661 3627 2765 3685 est,

1702 3696 1848 3743 motu
1870 3704 2098 3755 corporis
2129 3698 2185 3740 et
2219 3689 2491 3740 saltatione
2513 3687 2757 3738 exhibeas

1704 3759 1761 3804 et
1782 3754 2039 3805 amuletis
2060 3757 2299 3821 Satyrum
2329 3754 2602 3804 saltantem
2626 3750 2760 3801 scite

1704 3824 1758 3872 et
1778 3819 2012 3886 agilitate
2031 3834 2242 3872 summa.
2306 3819 2467 3874 Quasi
2494 3815 2756 3880 vei-ofer·

2153 2076 2348 2127 Tullius
2383 2072 2643 2125 Paradox.
2665 2085 2746 2122 nr.
